1708 3106
93 101 142 166 f*
206 107 209 112 ’
531 138 666 193 Aer.
708 133 780 181 m.
861 131 1035 184 Seni.
1077 131 1109 182 Ῐ.
1436 135 1543 185 121=

123 262 272 318 PAM
303 267 439 337 Quid
470 266 724 318 consolare
749 264 791 328 7)
823 266 938 316 me?
970 284 1033 315 an
1057 267 1385 335 quisquam')
1418 285 1532 334 gens

474 337 595 384 tium
621 340 662 392 8)
696 337 766 384 est
785 352 950 401 aeque
979 335 1151 383 miser?
1175 341 1216 394 9)

119 404 426 472 Priusquam
456 403 588 452 hanc
614 410 671 465 ¹⁰)
708 420 915 453 uxorem
948 400 1091 460 duxi,
1134 401 1386 452 habebam
1413 401 1534 451 alibi

372 473 377 476 ’
473 471 695 520 animum
719 471 880 520 amori
906 475 964 529 ¹¹)
1003 468 1241 518 deditum.

54 541 219 589 151am
246 540 301 588 in
325 538 424 588 hac
454 556 508 587 re
535 552 595 587 ut
621 551 815 588 taceam
848 538 1010 587 cuivis
1040 537 1183 587 facile
1213 539 1338 588 scitu
1366 539 1445 597 est,
1477 542 1535 601 ¹2)

211 646 215 649 .
475 623 629 673 quam
653 607 829 656 fuerim
852 606 1005 653 miser.

121 676 319 724 Tamen
349 691 615 741 nunquam
651 675 799 723 ausus
822 674 925 722 sum
954 674 1180 723 recusare
1211 691 1344 733 eam,
1379 693 1538 743 quam

475 741 598 790 mihi
618 740 844 798 obtrudit
862 754 1020 808 pater.

99 807 214 858 tvix
230 807 470 859 meillinc
498 814 555 870 ’5)
589 809 815 868 abstraxi,
845 822 999 876 atque
1018 807 1301 874 inpeditum
1318 810 1371 859 in
1392 827 1454 858 ea
1476 812 1538 870 ¹4)
1582 855 1587 861 .

224 937 226 942 y
479 877 711 942 expedivi
738 878 961 927 animum
985 895 1166 934 meum,
1531 908 1534 911 -

118 944 317 1014 Vixque
337 944 441 996 huc
464 951 520 1006 ¹5)
556 944 882 995 contuleram.
949 945 1055 1003 Em,
1085 964 1218 995 nova
1238 964 1318 995 res
1342 959 1451 994 orta
1471 947 1542 994 est

477 1031 632 1081 porro
655 1012 718 1061 ab
742 1012 837 1063 hac
860 1011 919 1073 ’6)
956 1031 1088 1080 quae
1109 1032 1187 1061 me
1209 1013 1462 1062 abstrahat
1479 1013 1540 1074 ’7)

120 1083 261 1140 Tum
280 1096 490 1132 matrem
521 1099 582 1130 ex
612 1099 674 1129 ea
702 1099 756 1130 re
778 1095 866 1130 aut
891 1099 1101 1130 uxorem
1121 1083 1175 1129 in
1195 1081 1348 1148 culpa
1368 1082 1542 1132 inven-

476 1163 649 1198 turum
675 1155 731 1210 ¹8)
765 1149 995 1198 arbitror.

0 1229 2 1232 ’
51 1237 106 1267 20
121 1215 274 1283 Quod
290 1234 407 1266 cum
427 1218 501 1266 ita
523 1217 615 1265 esse
635 1217 897 1275 invenero,
933 1215 1059 1284 quid
1084 1219 1234 1267 restat
1262 1214 1353 1267 nin
1382 1235 1540 1285 porro

481 1297 541 1332 ut
563 1281 680 1330 fiam
704 1285 879 1332 miser?

122 1353 256 1401 Nam
268 1351 444 1399 matris
464 1351 589 1398 ferre
610 1350 820 1399 iniurias
842 1368 922 1398 me
933 1353 1179 1400 Parmeno
1200 1352 1362 1417 pietas
1386 1351 1540 1401 iubet.

122 1423 263 1469 Tum
282 1419 429 1467 uxori
449 1417 701 1467 obnoxius
724 1419 839 1466 sum.
864 1422 922 1477 ’9)
987 1418 1065 1467 ita
1095 1417 1213 1467 olim
1242 1420 1331 1474 suo
1358 1437 1438 1467 me
1469 1421 1541 1466 in-

479 1485 626 1550 genio
654 1483 872 1550 pertulit,

125 1558 232 1604 Tot
247 1570 384 1603 meas
404 1553 614 1602 iniurias
650 1570 783 1620 quae
812 1569 1075 1621 nunquam
1101 1553 1155 1601 in
1186 1552 1275 1602 illo
1304 1553 1545 1620 patefecit

481 1620 610 1672 loco,

118 1687 227 1739 sed
256 1706 495 1757 magnum
524 1689 687 1737 nescio
723 1687 850 1756 quid
875 1689 1062 1739 necesse
1094 1689 1162 1738 est
1188 1688 1389 1739 evenire
1409 1692 1470 1748 2⁰)
1502 1690 1545 1747 ¹⁸)

479 1759 740 1813 Parmeno,

23 1825 26 1830 ’
56 1835 113 1877 25
125 1823 271 1877 Unde
302 1825 379 1874 ira
407 1826 538 1874 inter
566 1841 652 1873 eas
672 1821 960 1884 interceffit,
995 1840 1128 1892 quae
1150 1835 1254 1874 tam
1276 1820 1544 1890 permansit

487 1891 587 1943 diu.
822 1901 836 1930 θ

190 2052 233 2101 7)
262 2049 455 2086 consolaris
504 2050 544 2095 ')
563 2052 655 2088 edit.
675 2063 712 2088 et
734 2052 856 2087 Bentl.
879 2051 968 2087 add.
989 2061 1143 2098 nsquam
1190 2050 1233 2094 8)
1260 2049 1298 2083 in
1318 2048 1441 2096 aliquo
1461 2061 1546 2093 gen-

233 2107 327 2144 tium
371 2108 414 2154 9)
432 2116 474 2142 ut
490 2119 556 2153 ego
608 2109 670 2154 10)
692 2107 947 2143 Philumenam
999 2109 1060 2153 11)
1087 2107 1127 2141 in
1145 2105 1347 2140 Bachidem
1403 2109 1459 2146 12)
1485 2118 1547 2139 an-

233 2173 382 2211 tequam
411 2163 580 2199 ducerem
608 2165 712 2201 istam
775 2166 836 2210 13)
862 2163 1064 2198 aBachide
1125 2166 1178 2206 14)
1207 2161 1370 2196 Bachide
1420 2161 1547 2206 15)ad

233 2221 490 2256 Philumenam
550 2222 605 2263 16)
637 2222 856 2257 Philumena
922 2221 982 2265 ¹7)
1013 2231 1069 2254 res
1139 2218 1199 2262 18)
1223 2230 1283 2251 me
1312 2229 1374 2254 aut
1400 2218 1547 2264 culpam

236 2279 361 2312 matris
392 2289 452 2313 aut
473 2278 590 2313 uxoris
651 2279 713 2325 19)
738 2277 881 2312 debitor
896 2274 973 2310 sum
1027 2279 1089 2315 20)
1115 2274 1172 2310 vel
1189 2273 1341 2312 evenisse
1394 2275 1430 2320 ⁹)
1453 2275 1547 2311 edit.

238 2346 274 2370 et
303 2337 421 2372 Bentl.
449 2333 614 2371 evenisse.

190 2494 244 2533 14.
270 2490 379 2534 alibi]
427 2490 451 2524 i.
465 2481 496 2524 εξ
518 2490 556 2525 in
568 2490 640 2524 alio
660 2502 804 2532 amorem
882 2491 952 2525 luit
977 2488 1171 2525 Terentius
1200 2501 1293 2528 quae
1324 2487 1462 2527 dicere,
1509 2499 1550 2524 ut

138 2548 234 2582 alibi
267 2546 396 2580 eodem
428 2546 540 2582 modo
574 2545 619 2580 de
647 2545 805 2590 personis
884 2544 1063 2581 conclusio
1094 2544 1141 2579 ad
1166 2546 1288 2580 omnia
1315 2546 1495 2581 retexatur.
1517 2558 1550 2579 v.

140 2602 292 2641 dicitur,
318 2615 389 2648 quo
410 2605 507 2639 unde
527 2614 563 2637 et
580 2605 680 2639 inde.
883 2604 1022 2638 Donat.
1047 2601 1093 2635 ad
1110 2601 1148 2636 h.
1167 2601 1192 2639 l.
1212 2613 1248 2636 et
1268 2601 1317 2636 est
1336 2602 1551 2647 haecgone-

185 2666 240 2700 23.
273 2661 433 2695 iniurias
463 2661 580 2706 quae]
636 2671 808 2704 gramma·
883 2660 931 2694 ris
944 2657 1097 2692 mutatio
1114 2656 1196 2692 [atis
1213 2657 1349 2694 usitata.
1367 2670 1400 2691 v.
1412 2657 1551 2693 Brouk-

139 2715 229 2751 tices
246 2715 339 2750 ratio
359 2715 515 2763 postulat
533 2729 637 2764 quas,
655 2715 716 2753 [ed
734 2728 809 2752 mn·
863 2739 866 2743 -
883 2714 963 2752 hus.
983 2714 1030 2750 ad
1048 2715 1209 2763 Propert.
1228 2715 1257 2755 L
1280 2722 1332 2757 18.
1356 2722 1412 2757 23.
