1708 3106
276 166 371 219 242
601 230 604 234 ι
795 158 1171 212 PHORMIO.

199 303 254 348 30
269 295 386 346 Sine
408 292 525 345 dote
543 296 608 355 3⁰)
675 294 772 344 CH.
801 295 886 344 Dii
906 297 1119 346 vostram
1142 296 1304 360 fidem,
1325 303 1386 363 3¹)
1420 295 1576 368 quam
1597 300 1694 350 sae*

629 382 693 430 pe
714 364 841 412 forte
871 377 1058 414 temere

270 431 523 486 Eveniunt
546 445 681 499 quae
700 450 803 480 non
822 431 1013 483 audeas
1037 438 1248 501 optare?
1294 435 1492 486 offendi
1511 441 1573 498 3²)
1611 435 1696 486 ad·

627 502 837 550 veniens

270 568 491 647 Quicum
528 570 591 628 33)
635 566 869 618 volebam
912 582 1069 637 atque
1111 583 1170 620 ut
1208 570 1439 622 volebam
1480 571 1696 623 colloca·

629 648 733 685 tam
756 639 817 694 34)
853 631 1030 696 filiam3

274 703 426 772 Quod
455 722 550 754 nos
583 704 732 753 ambo
754 706 817 764 35)
859 723 1012 772 opere
1043 705 1262 757 maximo
1299 706 1546 757 dabamus
1580 725 1695 775 ope·

629 791 738 821 ram
758 787 816 822 ut
844 771 997 832 fieret,
1188 814 1194 821 .

252 838 390 890 'Sine
427 841 595 890 nostra
632 855 756 890 cura
791 843 1022 901 maxima,
1070 843 1158 892 sua
1191 859 1316 893 cura
1347 842 1473 893 haec
1509 841 1611 892 sola
1630 840 1694 905 36)

630 909 759 958 fecit.

201 986 255 1028 35
271 976 363 1026 SO.
397 979 551 1027 Nunc
574 976 696 1045 quid
720 995 850 1044 opus
874 976 1007 1027 facto
1032 976 1100 1027 est
1115 981 1152 1040 *)
1186 978 1328 1038 vide;
1365 991 1510 1045 pater
1530 978 1696 1028 adole-

630 1046 808 1094 scentis
833 1050 892 1104 57)
927 1047 1077 1104 venit,

278 1117 510 1180 Eumque
547 1113 715 1162 animo
746 1114 925 1181 iniquo
956 1113 1053 1162 hoc
1083 1113 1273 1181 oppido
1294 1118 1355 1176 38)
1387 1112 1514 1170 ferre
1540 1115 1694 1164 aiunt.

523 1199 526 1203 ’
634 1182 728 1230 CH.
748 1180 888 1231 Nihil
910 1180 1084 1249 pericli
1113 1189 1190 1234 est.

268 1226 386 1300 Sed
397 1266 491 1316 per
517 1251 654 1298 Deos
687 1263 842 1316 atque
873 1249 1119 1309 homines,
1149 1257 1211 1300 395
1252 1268 1416 1299 meam
1444 1249 1537 1299 esse
1561 1248 1708 1299 hane·

636 1335 758 1367 cave
780 1318 1002 1367 resciscat
1023 1320 1311 1387 quisquam.

274 1388 366 1437 SO.
399 1387 563 1436 Nemo
588 1389 649 1433 ex
667 1403 747 1434 me
775 1385 926 1435 scibit
993 1387 1089 1435 CH,
1118 1387 1342 1455 Sequere
1371 1404 1462 1436 me.
1498 1399 1698 1436 caetera

635 1454 775 1503 intus
797 1453 987 1504 audies.

327 1571 557 1660 (Acras
602 1601 653 1646 V.
722 1601 917 1648 semi
951 1603 1003 1647 11.
1075 1598 1391 1648 DEM1PHO.
1429 1601 1644 1661 GETA.)

276 1705 436 1750 DEM.
459 1701 735 1816 Nostradpte
757 1703 832 1814 4Ῥὶ
857 1680 1009 1766 eulpa
1032 1700 1256 1759 fecimus,
1292 1714 1351 1750 ut
1369 1700 1529 1750 malos
1552 1716 1698 1766 expe·

669 1782 739 1815 lat
763 1786 789 1815 e
811 1775 867 1824 le,

275 1838 417 1884 Dum
436 1835 645 1895 nimium
669 1834 767 1883 dici
791 1852 885 1883 nos
908 1833 1073 1884 bonos
1094 1833 1350 1883 studemus
1375 1847 1425 1883 et
1447 1834 1695 1900 benignos

335 1960 395 2000 30)
427 1965 468 1991 ut
492 1967 569 1989 non
610 1953 753 1990 dotat-et
789 1967 868 1993 eam
907 1954 999 1996 ficut
1027 1953 1269 2000 alienigenam
1324 1956 1390 2000 31)
1427 1953 1564 1990 scilicet
1592 1955 1698 1991 testor

381 2013 447 2058 32)
472 2011 615 2059 repperi
660 2013 719 2056 33)
749 2024 830 2046 cum
849 2024 922 2059 quo
970 2012 1035 2057 34)
1062 2012 1295 2046 coniunctam
1341 2013 1405 2056 35)
1431 2024 1496 2057 ego
1516 2023 1551 2047 et
1571 2013 1699 2049 Demi-

384 2068 462 2116 pho
519 2070 578 2112 36)
600 2080 689 2103 anus
735 2069 891 2114 *)edic.
913 2068 957 2104 fit
1002 2069 1068 2115 37)
1091 2068 1277 2116 Demipho
1320 2067 1395 2114 238)
1420 2069 1524 2106 valde
1570 2072 1659 2152 39).
1665 2082 1700 2108 te

379 2125 507 2161 adiuro
553 2130 617 2172 4ο)
641 2124 761 2161 nostra
782 2125 870 2172 i.p[n

285 2266 362 2300 ¹29·
395 2251 594 2298 compofito
630 2254 772 2296 rumpit
807 2265 950 2289 vocem.
1027 2256 1100 2300 ista
1127 2254 1211 2297 casu
1237 2265 1499 2301 nonnunquam
1515 2255 1625 2299 soree
1644 2268 1698 2294 te-

280 2311 342 2346 sic
369 2321 558 2354 compacto
588 2321 654 2355 pro
672 2322 723 2344 ea:
748 2321 951 2354 compacto,
1027 2325 1125 2348 mere
1159 2306 1429 2346 eom-urrerem.
1465 2310 1540 2345 Liv.
1569 2313 1613 2354 X.
1641 2321 1699 2358 43.

281 2370 483 2413 improviso
503 2379 567 2413 pro
585 2380 633 2401 ex
649 2367 952 2414 ἰνηρνονξΙὸᾸᾸν.
1029 2383 1071 2406 eo
1097 2369 1175 2413 1⁰pr
1203 2370 1284 2404 loco
1301 2367 1410 2411 forte
1441 2367 1539 2411 [alii:
1565 2370 1698 2416 prope]

281 2426 330 2460 V.
347 2439 398 2460 ιι.
417 2435 607 2469 compacto
621 2437 700 2459 eam
718 2438 794 2460 rem
805 2436 841 2460 et
861 2437 955 2476 eom·
1030 2437 1161 2461 temere
1185 2425 1255 2469 sub
1287 2427 1404 2460 armis
1421 2425 1543 2468 strati
1565 2428 1699 2473 p‘affim

283 2485 386 2518 muni
396 2483 543 2526 fraude
567 2484 812 2527 patriciorum
832 2492 955 2517 actam
1030 2485 1236 2529 inquietum
1260 2490 1369 2516 'omne
1402 2493 1546 2527 tempusv
1576 2486 1699 2520 noetis

282 2539 346 2574 ubi
366 2553 396 2574 v.
415 2538 604 2576 Drakeub.
1029 2555 1158 2589 egere,
1182 2537 1245 2573 ubi
1261 2550 1292 2576 v.
1309 2537 1471 2577 Gronov.

329 2604 386 2639 30.
402 2598 512 2642 forte
529 2595 684 2639 temer-e]
733 2593 794 2627 Sic
819 2602 953 2627 veteres

282 2650 376 2687 haee
402 2653 476 2687 duo
498 2652 674 2687 vocabula
692 2651 838 2696 iungere
866 2648 955 2683 sole·
1150 2643 1254 2676 Aer.
1280 2641 1327 2676 V.
1380 2641 1515 2675 Sem.
1541 2651 1576 2676 2.

282 2709 385 2747 bant.
426 2710 657 2754 Nuncsorte
676 2708 884 2754 [impliciter
902 2706 955 2740 di·
1074 2720 1108 2743 2.
1142 2709 1340 2753 benignos]
1401 2707 1440 2742 h.
1476 2720 1507 2741 e.
1540 2705 1696 2741 nimium

284 2776 383 2801 cunt.
402 2766 481 2804 Cic.
502 2766 546 2801 de
558 2766 720 2801 Divinat.
740 2765 785 2799 11.
807 2765 862 2807 63.
879 2764 954 2809 nist
1027 2764 1173 2805 faciles,
1204 2777 1324 2800 comes
1348 2767 1491 2801 Petron.
1520 2776 1551 2798 e.
1573 2769 1629 2808 44.
1659 2774 1696 2798 ec
