<?xml version="1.0" encoding="UTF-8"?>
<!DOCTYPE html PUBLIC "-//W3C//DTD XHTML 1.0 Transitional//EN"
    "http://www.w3.org/TR/xhtml1/DTD/xhtml1-transitional.dtd">
<html xmlns="http://www.w3.org/1999/xhtml" xml:lang="en" lang="en">
 <head>
  <title>
</title>
<meta http-equiv="Content-Type" content="text/html;charset=utf-8" />
  <meta name='ocr-system' content='tesseract 3.04.00' />
  <meta name='ocr-capabilities' content='ocr_page ocr_carea ocr_par ocr_line ocrx_word'/>
</head>
<body>
  <div class='ocr_page' id='page_1' title='image "./comoediaesex02tereuoft_0118.png"; bbox 0 0 1664 3100; ppageno 0'>
   <div class='ocr_carea' id='block_1_1' title="bbox 122 157 998 208">
    <p class='ocr_par' dir='ltr' id='par_1_1' title="bbox 122 157 998 208">
     <span class='ocr_line' id='line_1_1' title="bbox 122 157 998 208; baseline -0.003 0"><span class='ocrx_word' id='word_1_1' title='bbox 122 176 220 208; x_wconf 78' lang='lat'>110</span> <span class='ocrx_word' id='word_1_2' title='bbox 665 157 998 205; x_wconf 83' lang='lat' dir='ltr'>HECYRA.</span> 
     </span>
    </p>
   </div>
   <div class='ocr_carea' id='block_1_2' title="bbox 39 288 1589 1512">
    <p class='ocr_par' dir='ltr' id='par_1_2' title="bbox 42 288 1544 495">
     <span class='ocr_line' id='line_1_2' title="bbox 113 288 1543 359; baseline -0.001 -18"><span class='ocrx_word' id='word_1_3' title='bbox 113 292 208 342; x_wconf 78' lang='lat' dir='ltr'>Sed</span> <span class='ocrx_word' id='word_1_4' title='bbox 228 306 286 342; x_wconf 86' lang='lat' dir='ltr'>ut</span> <span class='ocrx_word' id='word_1_5' title='bbox 305 291 374 350; x_wconf 87' lang='lat' dir='ltr'>fit,</span> <span class='ocrx_word' id='word_1_6' title='bbox 393 291 658 359; x_wconf 82' lang='lat' dir='ltr'>postquam</span> <span class='ocrx_word' id='word_1_7' title='bbox 680 289 892 349; x_wconf 80' lang='lat' dir='ltr'>l1un065)</span> <span class='ocrx_word' id='word_1_8' title='bbox 924 290 1143 340; x_wconf 85' lang='lat' dir='ltr'>alienum</span> <span class='ocrx_word' id='word_1_9' title='bbox 1164 289 1228 340; x_wconf 77' lang='lat' dir='ltr'>ab</span> <span class='ocrx_word' id='word_1_10' title='bbox 1252 291 1298 339; x_wconf 86' lang='lat' dir='ltr'>se</span> <span class='ocrx_word' id='word_1_11' title='bbox 1321 288 1543 352; x_wconf 75' lang='lat' dir='ltr'>videt,⁶⁶)</span> 
     </span>
     <span class='ocr_line' id='line_1_3' title="bbox 115 356 1491 427; baseline -0.001 -18"><span class='ocrx_word' id='word_1_12' title='bbox 115 360 342 426; x_wconf 81' lang='lat' dir='ltr'>Maligna</span> <span class='ocrx_word' id='word_1_13' title='bbox 365 359 525 425; x_wconf 75' lang='lat' dir='ltr'>rnulto</span> <span class='ocrx_word' id='word_1_14' title='bbox 546 373 596 408; x_wconf 90' lang='lat' dir='ltr'>et</span> <span class='ocrx_word' id='word_1_15' title='bbox 622 361 779 425; x_wconf 84' lang='lat' dir='ltr'>magis</span> <span class='ocrx_word' id='word_1_16' title='bbox 799 378 991 427; x_wconf 85' lang='lat' dir='ltr'>procax</span> <span class='ocrx_word' id='word_1_17' title='bbox 1012 356 1075 420; x_wconf 83' lang='lat'>67)</span> <span class='ocrx_word' id='word_1_18' title='bbox 1108 359 1244 408; x_wconf 84' lang='lat' dir='ltr'>facta</span> <span class='ocrx_word' id='word_1_19' title='bbox 1265 358 1383 409; x_wconf 90' lang='lat' dir='ltr'>ilico</span> <span class='ocrx_word' id='word_1_20' title='bbox 1411 360 1491 408; x_wconf 86' lang='lat' dir='ltr'>est.</span> 
     </span>
     <span class='ocr_line' id='line_1_4' title="bbox 42 424 1544 495; baseline -0.002 -16"><span class='ocrx_word' id='word_1_21' title='bbox 42 438 99 481; x_wconf 82' lang='lat'>85</span> <span class='ocrx_word' id='word_1_22' title='bbox 113 433 212 478; x_wconf 87' lang='lat' dir='ltr'>PH.</span> <span class='ocrx_word' id='word_1_23' title='bbox 246 432 292 479; x_wconf 87' lang='lat' dir='ltr'>N</span> <span class='ocrx_word' id='word_1_24' title='bbox 300 447 367 479; x_wconf 87' lang='lat' dir='ltr'>on</span> <span class='ocrx_word' id='word_1_25' title='bbox 392 426 570 494; x_wconf 87' lang='lat' dir='ltr'><strong>edepol</strong></span> <span class='ocrx_word' id='word_1_26' title='bbox 593 428 788 476; x_wconf 84' lang='lat' dir='ltr'>mirum.</span> <span class='ocrx_word' id='word_1_27' title='bbox 855 429 989 476; x_wconf 88' lang='lat' dir='ltr'><strong>PAR.</strong></span> <span class='ocrx_word' id='word_1_28' title='bbox 1027 432 1196 495; x_wconf 85' lang='lat' dir='ltr'><strong>Atque</strong></span> <span class='ocrx_word' id='word_1_29' title='bbox 1217 430 1259 488; x_wconf 85' lang='lat'>*)</span> <span class='ocrx_word' id='word_1_30' title='bbox 1293 445 1354 477; x_wconf 83' lang='lat' dir='ltr'>ea</span> <span class='ocrx_word' id='word_1_31' title='bbox 1375 445 1456 477; x_wconf 85' lang='lat' dir='ltr'>res</span> <span class='ocrx_word' id='word_1_32' title='bbox 1477 424 1544 487; x_wconf 82' lang='lat'>63)</span> 
     </span>
    </p>

    <p class='ocr_par' dir='ltr' id='par_1_3' title="bbox 39 495 1589 1512">
     <span class='ocr_line' id='line_1_5' title="bbox 473 495 877 545; baseline 0.005 -2"><span class='ocrx_word' id='word_1_33' title='bbox 473 495 635 544; x_wconf 89' lang='lat' dir='ltr'>multo</span> <span class='ocrx_word' id='word_1_34' title='bbox 663 497 877 545; x_wconf 83' lang='lat' dir='ltr'>maxime</span> 
     </span>
     <span class='ocr_line' id='line_1_6' title="bbox 114 561 1542 631; baseline -0.001 -17"><span class='ocrx_word' id='word_1_35' title='bbox 114 565 380 614; x_wconf 81' lang='lat' dir='ltr'>Disiunxit</span> <span class='ocrx_word' id='word_1_36' title='bbox 395 561 457 623; x_wconf 81' lang='lat'>69)</span> <span class='ocrx_word' id='word_1_37' title='bbox 491 562 631 612; x_wconf 90' lang='lat' dir='ltr'>illum</span> <span class='ocrx_word' id='word_1_38' title='bbox 647 565 710 611; x_wconf 78' lang='lat' dir='ltr'>ab</span> <span class='ocrx_word' id='word_1_39' title='bbox 725 561 898 626; x_wconf 80' lang='lat' dir='ltr'>illa‚70)</span> <span class='ocrx_word' id='word_1_40' title='bbox 921 564 1190 631; x_wconf 84' lang='lat' dir='ltr'>postquam</span> <span class='ocrx_word' id='word_1_41' title='bbox 1210 577 1261 612; x_wconf 90' lang='lat' dir='ltr'>et</span> <span class='ocrx_word' id='word_1_42' title='bbox 1277 563 1377 631; x_wconf 82' lang='lat' dir='ltr'>ipse</span> <span class='ocrx_word' id='word_1_43' title='bbox 1396 563 1490 612; x_wconf 82' lang='lat' dir='ltr'>sese</span> <span class='ocrx_word' id='word_1_44' title='bbox 1502 565 1542 624; x_wconf 80' lang='grc'>*)</span> 
     </span>
     <span class='ocr_line' id='line_1_7' title="bbox 111 630 1544 700; baseline -0.001 -18"><span class='ocrx_word' id='word_1_45' title='bbox 111 633 177 682; x_wconf 88' lang='lat' dir='ltr'>Et</span> <span class='ocrx_word' id='word_1_46' title='bbox 205 633 341 682; x_wconf 87' lang='lat' dir='ltr'>illam</span> <span class='ocrx_word' id='word_1_47' title='bbox 373 634 437 692; x_wconf 91' lang='lat'>7¹)</span> <span class='ocrx_word' id='word_1_48' title='bbox 480 644 530 680; x_wconf 90' lang='lat' dir='ltr'>et</span> <span class='ocrx_word' id='word_1_49' title='bbox 558 631 691 680; x_wconf 83' lang='lat' dir='ltr'>hanc</span> <span class='ocrx_word' id='word_1_50' title='bbox 724 630 788 694; x_wconf 80' lang='lat'>7²)</span> <span class='ocrx_word' id='word_1_51' title='bbox 828 650 960 700; x_wconf 84' lang='lat' dir='ltr'>quae</span> <span class='ocrx_word' id='word_1_52' title='bbox 992 630 1129 681; x_wconf 87' lang='lat' dir='ltr'>domi</span> <span class='ocrx_word' id='word_1_53' title='bbox 1162 645 1272 680; x_wconf 88' lang='lat' dir='ltr'>erat</span> <span class='ocrx_word' id='word_1_54' title='bbox 1303 633 1544 699; x_wconf 81' lang='lat' dir='ltr'>cognovit</span> 
     </span>
     <span class='ocr_line' id='line_1_8' title="bbox 471 700 603 757; baseline 0.008 -10"><span class='ocrx_word' id='word_1_55' title='bbox 471 700 603 757; x_wconf 84' lang='lat' dir='ltr'>satis,</span> 
     </span>
     <span class='ocr_line' id='line_1_9' title="bbox 110 766 1505 835; baseline 0.001 -18"><span class='ocrx_word' id='word_1_56' title='bbox 110 768 187 817; x_wconf 82' lang='lat' dir='ltr'>Ad</span> <span class='ocrx_word' id='word_1_57' title='bbox 205 766 486 835; x_wconf 80' lang='lat' dir='ltr'>ex‘emplum</span> <span class='ocrx_word' id='word_1_58' title='bbox 511 766 774 816; x_wconf 82' lang='lat' dir='ltr'>ambarum</span> <span class='ocrx_word' id='word_1_59' title='bbox 794 785 960 816; x_wconf 85' lang='lat' dir='ltr'>mores</span> <span class='ocrx_word' id='word_1_60' title='bbox 985 784 1160 822; x_wconf 84' lang='lat' dir='ltr'>earum</span> <span class='ocrx_word' id='word_1_61' title='bbox 1191 767 1505 825; x_wconf 81' lang='lat' dir='ltr'>existiman83</span> 
     </span>
     <span class='ocr_line' id='line_1_10' title="bbox 115 834 1589 901; baseline 0.001 -17"><span class='ocrx_word' id='word_1_62' title='bbox 115 841 258 886; x_wconf 86' lang='lat' dir='ltr'>Haec</span> <span class='ocrx_word' id='word_1_63' title='bbox 280 841 340 897; x_wconf 84' lang='lat'>73)</span> <span class='ocrx_word' id='word_1_64' title='bbox 371 837 442 884; x_wconf 85' lang='lat' dir='ltr'>ita</span> <span class='ocrx_word' id='word_1_65' title='bbox 463 837 538 885; x_wconf 89' lang='lat' dir='ltr'>uti</span> <span class='ocrx_word' id='word_1_66' title='bbox 559 834 754 885; x_wconf 82' lang='lat' dir='ltr'>liberali</span> <span class='ocrx_word' id='word_1_67' title='bbox 774 836 975 901; x_wconf 83' lang='lat' dir='ltr'>ingenio</span> <span class='ocrx_word' id='word_1_68' title='bbox 1000 835 1094 883; x_wconf 84' lang='lat' dir='ltr'>esse</span> <span class='ocrx_word' id='word_1_69' title='bbox 1121 835 1279 894; x_wconf 82' lang='lat' dir='ltr'>decet,</span> <span class='ocrx_word' id='word_1_70' title='bbox 1531 844 1534 845; x_wconf 71' lang='grc'>’</span> <span class='ocrx_word' id='word_1_71' title='bbox 1583 836 1589 842; x_wconf 79' lang='grc'><em>’</em></span> 
     </span>
     <span class='ocr_line' id='line_1_11' title="bbox 41 903 1325 970; baseline 0.001 -17"><span class='ocrx_word' id='word_1_72' title='bbox 41 927 97 969; x_wconf 86' lang='lat'>9⁰</span> <span class='ocrx_word' id='word_1_73' title='bbox 111 905 314 954; x_wconf 87' lang='lat' dir='ltr'>Pudens</span> <span class='ocrx_word' id='word_1_74' title='bbox 338 903 560 953; x_wconf 86' lang='lat' dir='ltr'>modesta</span> <span class='ocrx_word' id='word_1_75' title='bbox 580 903 903 953; x_wconf 88' lang='lat' dir='ltr'>incommoda</span> <span class='ocrx_word' id='word_1_76' title='bbox 925 918 1082 970; x_wconf 85' lang='lat' dir='ltr'>atque</span> <span class='ocrx_word' id='word_1_77' title='bbox 1110 904 1325 954; x_wconf 85' lang='lat' dir='ltr'>iniurias</span> 
     </span>
     <span class='ocr_line' id='line_1_12' title="bbox 112 970 1383 1036; baseline 0.001 -16"><span class='ocrx_word' id='word_1_78' title='bbox 112 975 215 1021; x_wconf 85' lang='lat' dir='ltr'>Viri</span> <span class='ocrx_word' id='word_1_79' title='bbox 235 973 362 1020; x_wconf 87' lang='lat' dir='ltr'>ferre</span> <span class='ocrx_word' id='word_1_80' title='bbox 384 974 446 1031; x_wconf 81' lang='grc'>74)</span> <span class='ocrx_word' id='word_1_81' title='bbox 481 990 653 1021; x_wconf 90' lang='lat' dir='ltr'>omnes</span> <span class='ocrx_word' id='word_1_82' title='bbox 672 986 722 1021; x_wconf 92' lang='lat' dir='ltr'>et</span> <span class='ocrx_word' id='word_1_83' title='bbox 742 986 910 1036; x_wconf 86' lang='lat' dir='ltr'>tegere</span> <span class='ocrx_word' id='word_1_84' title='bbox 929 973 992 1032; x_wconf 83' lang='lat'>75)</span> <span class='ocrx_word' id='word_1_85' title='bbox 1029 970 1383 1022; x_wconf 84' lang='lat' dir='ltr'><strong>contumelias.</strong></span> 
     </span>
     <span class='ocr_line' id='line_1_13' title="bbox 110 1039 1404 1106; baseline -0.002 -16"><span class='ocrx_word' id='word_1_86' title='bbox 110 1043 208 1090; x_wconf 86' lang='lat' dir='ltr'>Hic</span> <span class='ocrx_word' id='word_1_87' title='bbox 228 1039 291 1094; x_wconf 78' lang='lat'>7⁶)</span> <span class='ocrx_word' id='word_1_88' title='bbox 320 1042 519 1089; x_wconf 82' lang='lat' dir='ltr'>animus</span> <span class='ocrx_word' id='word_1_89' title='bbox 552 1044 614 1099; x_wconf 88' lang='lat'>77)</span> <span class='ocrx_word' id='word_1_90' title='bbox 647 1042 832 1106; x_wconf 85' lang='lat' dir='ltr'>partim</span> <span class='ocrx_word' id='word_1_91' title='bbox 858 1041 1034 1088; x_wconf 88' lang='lat' dir='ltr'>uxoris</span> <span class='ocrx_word' id='word_1_92' title='bbox 1065 1039 1404 1090; x_wconf 81' lang='lat' dir='ltr'>misericordia</span> 
     </span>
     <span class='ocr_line' id='line_1_14' title="bbox 111 1106 1439 1175; baseline -0.002 -17"><span class='ocrx_word' id='word_1_93' title='bbox 111 1111 419 1165; x_wconf 86' lang='lat' dir='ltr'>Devinctus,</span> <span class='ocrx_word' id='word_1_94' title='bbox 473 1109 658 1175; x_wconf 84' lang='lat' dir='ltr'>partim</span> <span class='ocrx_word' id='word_1_95' title='bbox 689 1109 856 1158; x_wconf 88' lang='lat' dir='ltr'>victus</span> <span class='ocrx_word' id='word_1_96' title='bbox 888 1107 1043 1156; x_wconf 89' lang='lat' dir='ltr'>huius</span> <span class='ocrx_word' id='word_1_97' title='bbox 1074 1112 1135 1168; x_wconf 88' lang='grc'>78)</span> <span class='ocrx_word' id='word_1_98' title='bbox 1180 1108 1381 1166; x_wconf 87' lang='lat' dir='ltr'>iniuria,</span> <span class='ocrx_word' id='word_1_99' title='bbox 1403 1106 1439 1168; x_wconf 66' lang='lat'>⁸⁹)</span> 
     </span>
     <span class='ocr_line' id='line_1_15' title="bbox 105 1173 1540 1243; baseline -0.006 -16"><span class='ocrx_word' id='word_1_100' title='bbox 105 1177 356 1227; x_wconf 79' lang='lat' dir='ltr'><strong>Paulatim</strong></span> <span class='ocrx_word' id='word_1_101' title='bbox 375 1176 571 1243; x_wconf 87' lang='lat' dir='ltr'>elapsus</span> <span class='ocrx_word' id='word_1_102' title='bbox 595 1177 664 1225; x_wconf 86' lang='lat' dir='ltr'>est</span> <span class='ocrx_word' id='word_1_103' title='bbox 687 1194 715 1224; x_wconf 77' lang='lat' dir='ltr'>a</span> <span class='ocrx_word' id='word_1_104' title='bbox 737 1174 975 1234; x_wconf 86' lang='lat' dir='ltr'>Bachide‚</span> <span class='ocrx_word' id='word_1_105' title='bbox 994 1173 1059 1238; x_wconf 86' lang='lat'>**)</span> <span class='ocrx_word' id='word_1_106' title='bbox 1084 1188 1240 1242; x_wconf 86' lang='lat' dir='ltr'>atque</span> <span class='ocrx_word' id='word_1_107' title='bbox 1258 1174 1381 1226; x_wconf 84' lang='lat' dir='ltr'>huic</span> <span class='ocrx_word' id='word_1_108' title='bbox 1399 1180 1445 1220; x_wconf 86' lang='lat'>78</span> <span class='ocrx_word' id='word_1_109' title='bbox 1456 1175 1540 1240; x_wconf 76' lang='lat'>²)*)</span> 
     </span>
     <span class='ocr_line' id='line_1_16' title="bbox 440 1242 1540 1298; baseline 0 -6"><span class='ocrx_word' id='word_1_110' title='bbox 440 1287 449 1298; x_wconf 84' lang='lat'>,</span> <span class='ocrx_word' id='word_1_111' title='bbox 471 1242 733 1292; x_wconf 85' lang='lat' dir='ltr'>transtulit</span> <span class='ocrx_word' id='word_1_112' title='bbox 1536 1255 1540 1257; x_wconf 85' lang='grc'><strong>’</strong></span> 
     </span>
     <span class='ocr_line' id='line_1_17' title="bbox 39 1310 1472 1379; baseline 0 -19"><span class='ocrx_word' id='word_1_113' title='bbox 39 1323 95 1378; x_wconf 84' lang='lat'>95</span> <span class='ocrx_word' id='word_1_114' title='bbox 112 1319 342 1365; x_wconf 85' lang='lat' dir='ltr'>Amorem</span> <span class='ocrx_word' id='word_1_115' title='bbox 359 1350 370 1371; x_wconf 92' lang='lat'>,</span> <span class='ocrx_word' id='word_1_116' title='bbox 402 1312 666 1379; x_wconf 84' lang='lat' dir='ltr'>postquam</span> <span class='ocrx_word' id='word_1_117' title='bbox 689 1329 785 1377; x_wconf 85' lang='lat' dir='ltr'>par</span> <span class='ocrx_word' id='word_1_118' title='bbox 807 1310 1065 1376; x_wconf 84' lang='lat' dir='ltr'>ingenium</span> <span class='ocrx_word' id='word_1_119' title='bbox 1087 1317 1148 1371; x_wconf 91' lang='lat'>79)</span> <span class='ocrx_word' id='word_1_120' title='bbox 1181 1323 1366 1360; x_wconf 88' lang='lat' dir='ltr'>nactus</span> <span class='ocrx_word' id='word_1_121' title='bbox 1391 1311 1472 1360; x_wconf 81' lang='lat' dir='ltr'>est.</span> 
     </span>
     <span class='ocr_line' id='line_1_18' title="bbox 109 1379 1261 1445; baseline -0.003 -16"><span class='ocrx_word' id='word_1_122' title='bbox 109 1387 303 1429; x_wconf 84' lang='lat' dir='ltr'>Interea</span> <span class='ocrx_word' id='word_1_123' title='bbox 323 1381 376 1428; x_wconf 88' lang='lat' dir='ltr'>in</span> <span class='ocrx_word' id='word_1_124' title='bbox 399 1385 562 1428; x_wconf 83' lang='lat' dir='ltr'>Imbro</span> <span class='ocrx_word' id='word_1_125' title='bbox 593 1381 809 1428; x_wconf 84' lang='lat' dir='ltr'>moritur</span> <span class='ocrx_word' id='word_1_126' title='bbox 841 1391 1089 1445; x_wconf 82' lang='lat' dir='ltr'>cognatus</span> <span class='ocrx_word' id='word_1_127' title='bbox 1113 1379 1261 1427; x_wconf 85' lang='lat' dir='ltr'>senex</span> 
     </span>
     <span class='ocr_line' id='line_1_19' title="bbox 110 1445 1336 1512; baseline 0.002 -17"><span class='ocrx_word' id='word_1_128' title='bbox 110 1449 322 1506; x_wconf 87' lang='lat' dir='ltr'>Horum,</span> <span class='ocrx_word' id='word_1_129' title='bbox 342 1452 380 1510; x_wconf 70' lang='lat'>⁴¹)</span> <span class='ocrx_word' id='word_1_130' title='bbox 404 1452 465 1509; x_wconf 88' lang='lat'>8⁰)</span> <span class='ocrx_word' id='word_1_131' title='bbox 502 1445 567 1496; x_wconf 85' lang='lat' dir='ltr'>ad</span> <span class='ocrx_word' id='word_1_132' title='bbox 591 1446 686 1497; x_wconf 89' lang='lat' dir='ltr'>hos</span> <span class='ocrx_word' id='word_1_133' title='bbox 713 1445 912 1495; x_wconf 82' lang='lat' dir='ltr'>redibat</span> <span class='ocrx_word' id='word_1_134' title='bbox 940 1446 1047 1512; x_wconf 85' lang='lat' dir='ltr'>lege</span> <span class='ocrx_word' id='word_1_135' title='bbox 1068 1445 1336 1497; x_wconf 80' lang='lat' dir='ltr'>hereditas.</span> 
     </span>
    </p>
   </div>
   <div class='ocr_carea' id='block_1_3' title="bbox 169 1582 1539 2082">
    <p class='ocr_par' dir='ltr' id='par_1_4' title="bbox 169 1582 1539 2082">
     <span class='ocr_line' id='line_1_20' title="bbox 169 1582 1538 1632; baseline -0.001 -13"><span class='ocrx_word' id='word_1_136' title='bbox 169 1587 229 1628; x_wconf 75' lang='lat'>65)</span> <span class='ocrx_word' id='word_1_137' title='bbox 255 1584 490 1632; x_wconf 85' lang='lat' dir='ltr'>Pamphilum</span> <span class='ocrx_word' id='word_1_138' title='bbox 534 1584 600 1629; x_wconf 85' lang='lat'>66)</span> <span class='ocrx_word' id='word_1_139' title='bbox 633 1583 768 1618; x_wconf 80' lang='lat' dir='ltr'>Baebis</span> <span class='ocrx_word' id='word_1_140' title='bbox 830 1583 891 1628; x_wconf 88' lang='lat'>67)</span> <span class='ocrx_word' id='word_1_141' title='bbox 922 1582 1013 1618; x_wconf 77' lang='lat' dir='ltr'>dura</span> <span class='ocrx_word' id='word_1_142' title='bbox 1074 1584 1105 1625; x_wconf 55' lang='lat'>³)</span> <span class='ocrx_word' id='word_1_143' title='bbox 1138 1585 1230 1622; x_wconf 76' lang='lat' dir='ltr'>edit.</span> <span class='ocrx_word' id='word_1_144' title='bbox 1261 1583 1363 1632; x_wconf 74' lang='lat' dir='ltr'>atqui</span> <span class='ocrx_word' id='word_1_145' title='bbox 1399 1586 1538 1630; x_wconf 80' lang='lat' dir='ltr'>impro-</span> 
     </span>
     <span class='ocr_line' id='line_1_21' title="bbox 215 1639 1538 1689; baseline -0.002 -11"><span class='ocrx_word' id='word_1_146' title='bbox 215 1643 328 1678; x_wconf 78' lang='lat' dir='ltr'>bante</span> <span class='ocrx_word' id='word_1_147' title='bbox 359 1643 481 1677; x_wconf 83' lang='lat' dir='ltr'>Bentl.</span> <span class='ocrx_word' id='word_1_148' title='bbox 531 1641 613 1686; x_wconf 70' lang='grc'>4,68)</span> <span class='ocrx_word' id='word_1_149' title='bbox 647 1639 793 1675; x_wconf 70' lang='lat' dir='ltr'>duritia.</span> <span class='ocrx_word' id='word_1_150' title='bbox 835 1640 1067 1676; x_wconf 74' lang='lat' dir='ltr'>confirmans</span> <span class='ocrx_word' id='word_1_151' title='bbox 1098 1641 1229 1676; x_wconf 86' lang='lat' dir='ltr'>durum</span> <span class='ocrx_word' id='word_1_152' title='bbox 1264 1641 1300 1676; x_wconf 81' lang='lat' dir='ltr'>se</span> <span class='ocrx_word' id='word_1_153' title='bbox 1329 1640 1538 1689; x_wconf 78' lang='lat' dir='ltr'>praebendo</span> 
     </span>
     <span class='ocr_line' id='line_1_22' title="bbox 213 1695 1539 1745; baseline -0.001 -12"><span class='ocrx_word' id='word_1_154' title='bbox 213 1698 392 1737; x_wconf 79' lang='lat' dir='ltr'>Bachidi,</span> <span class='ocrx_word' id='word_1_155' title='bbox 438 1709 473 1734; x_wconf 87' lang='lat' dir='ltr'>et</span> <span class='ocrx_word' id='word_1_156' title='bbox 502 1695 971 1742; x_wconf 67' lang='lat' dir='ltr'>Philumenae&#39;benignum</span> <span class='ocrx_word' id='word_1_157' title='bbox 1041 1698 1108 1743; x_wconf 84' lang='lat'>69)</span> <span class='ocrx_word' id='word_1_158' title='bbox 1140 1697 1315 1745; x_wconf 63' lang='lat' dir='ltr'>[epotavit</span> <span class='ocrx_word' id='word_1_159' title='bbox 1382 1701 1441 1743; x_wconf 84' lang='lat'>70)</span> <span class='ocrx_word' id='word_1_160' title='bbox 1467 1698 1539 1733; x_wconf 74' lang='lat' dir='ltr'>Ba·</span> 
     </span>
     <span class='ocr_line' id='line_1_23' title="bbox 218 1752 1538 1800; baseline -0.005 -11"><span class='ocrx_word' id='word_1_161' title='bbox 218 1754 328 1789; x_wconf 80' lang='lat' dir='ltr'>chide</span> <span class='ocrx_word' id='word_1_162' title='bbox 375 1755 410 1800; x_wconf 70' lang='grc'>’)</span> <span class='ocrx_word' id='word_1_163' title='bbox 448 1756 538 1790; x_wconf 80' lang='lat' dir='ltr'>edic.</span> <span class='ocrx_word' id='word_1_164' title='bbox 560 1753 594 1788; x_wconf 75' lang='lat' dir='ltr'>se</span> <span class='ocrx_word' id='word_1_165' title='bbox 642 1757 700 1799; x_wconf 88' lang='lat'>71)</span> <span class='ocrx_word' id='word_1_166' title='bbox 723 1752 925 1787; x_wconf 86' lang='lat' dir='ltr'>Bachidem</span> <span class='ocrx_word' id='word_1_167' title='bbox 974 1758 1038 1800; x_wconf 80' lang='lat'>72)</span> <span class='ocrx_word' id='word_1_168' title='bbox 1060 1754 1314 1790; x_wconf 73' lang='lat' dir='ltr'>Philumenam</span> <span class='ocrx_word' id='word_1_169' title='bbox 1363 1755 1428 1799; x_wconf 81' lang='lat'>73)</span> <span class='ocrx_word' id='word_1_170' title='bbox 1452 1754 1538 1789; x_wconf 79' lang='lat' dir='ltr'>Phi-</span> 
     </span>
     <span class='ocr_line' id='line_1_24' title="bbox 215 1809 1534 1858; baseline -0.001 -13"><span class='ocrx_word' id='word_1_171' title='bbox 215 1812 365 1845; x_wconf 76' lang='lat' dir='ltr'>lumena</span> <span class='ocrx_word' id='word_1_172' title='bbox 430 1810 494 1855; x_wconf 80' lang='grc'>74)</span> <span class='ocrx_word' id='word_1_173' title='bbox 520 1809 658 1844; x_wconf 78' lang='lat' dir='ltr'>ferebat</span> <span class='ocrx_word' id='word_1_174' title='bbox 725 1809 789 1855; x_wconf 79' lang='lat'>75)</span> <span class='ocrx_word' id='word_1_175' title='bbox 816 1809 961 1854; x_wconf 82' lang='lat' dir='ltr'>tegebat</span> <span class='ocrx_word' id='word_1_176' title='bbox 1032 1811 1090 1855; x_wconf 88' lang='lat'>76)</span> <span class='ocrx_word' id='word_1_177' title='bbox 1113 1821 1201 1846; x_wconf 85' lang='lat' dir='ltr'>tunc</span> <span class='ocrx_word' id='word_1_178' title='bbox 1254 1811 1318 1856; x_wconf 89' lang='lat'>77)</span> <span class='ocrx_word' id='word_1_179' title='bbox 1346 1809 1534 1858; x_wconf 83' lang='lat' dir='ltr'>Pamphili</span> 
     </span>
     <span class='ocr_line' id='line_1_25' title="bbox 210 1865 1534 1913; baseline 0.002 -12"><span class='ocrx_word' id='word_1_180' title='bbox 210 1870 269 1913; x_wconf 78' lang='lat'>73)</span> <span class='ocrx_word' id='word_1_181' title='bbox 307 1865 477 1901; x_wconf 77' lang='lat' dir='ltr'>Bachidis</span> <span class='ocrx_word' id='word_1_182' title='bbox 550 1867 588 1912; x_wconf 69' lang='lat'>⁴¹)</span> <span class='ocrx_word' id='word_1_183' title='bbox 627 1869 718 1902; x_wconf 81' lang='lat' dir='ltr'>edic.</span> <span class='ocrx_word' id='word_1_184' title='bbox 755 1865 903 1901; x_wconf 83' lang='lat' dir='ltr'>huiusce</span> <span class='ocrx_word' id='word_1_185' title='bbox 955 1865 1098 1902; x_wconf 82' lang='lat' dir='ltr'>iniuriis</span> <span class='ocrx_word' id='word_1_186' title='bbox 1146 1869 1382 1913; x_wconf 77' lang='lat' dir='ltr'>improbante</span> <span class='ocrx_word' id='word_1_187' title='bbox 1409 1869 1534 1904; x_wconf 78' lang='lat' dir='ltr'>Bentl-</span> 
     </span>
     <span class='ocr_line' id='line_1_26' title="bbox 211 1922 1534 1971; baseline 0.002 -11"><span class='ocrx_word' id='word_1_188' title='bbox 211 1925 267 1969; x_wconf 73' lang='lat'>*&#39;)</span> <span class='ocrx_word' id='word_1_189' title='bbox 292 1926 382 1960; x_wconf 79' lang='lat' dir='ltr'>edic.</span> <span class='ocrx_word' id='word_1_190' title='bbox 404 1922 561 1957; x_wconf 83' lang='lat' dir='ltr'>Bachidi</span> <span class='ocrx_word' id='word_1_191' title='bbox 579 1925 762 1969; x_wconf 75' lang='lat' dir='ltr'>probante</span> <span class='ocrx_word' id='word_1_192' title='bbox 785 1924 905 1959; x_wconf 78' lang='lat' dir='ltr'>Bentl.</span> <span class='ocrx_word' id='word_1_193' title='bbox 972 1932 1016 1968; x_wconf 86' lang='lat'>78</span> <span class='ocrx_word' id='word_1_194' title='bbox 1026 1924 1066 1971; x_wconf 77' lang='lat' dir='ltr'>a)</span> <span class='ocrx_word' id='word_1_195' title='bbox 1090 1923 1329 1961; x_wconf 75' lang='lat' dir='ltr'>Philumenae</span> <span class='ocrx_word' id='word_1_196' title='bbox 1383 1926 1414 1970; x_wconf 74' lang='lat'>⁴¹)</span> <span class='ocrx_word' id='word_1_197' title='bbox 1437 1926 1534 1963; x_wconf 77' lang='lat' dir='ltr'>edic.</span> 
     </span>
     <span class='ocr_line' id='line_1_27' title="bbox 211 1979 1533 2030; baseline 0.003 -16"><span class='ocrx_word' id='word_1_198' title='bbox 211 1979 286 2015; x_wconf 74' lang='lat' dir='ltr'>hue</span> <span class='ocrx_word' id='word_1_199' title='bbox 314 1983 421 2027; x_wconf 84' lang='lat' dir='ltr'>proh.</span> <span class='ocrx_word' id='word_1_200' title='bbox 452 1983 573 2017; x_wconf 77' lang='lat' dir='ltr'>Bencl.</span> <span class='ocrx_word' id='word_1_201' title='bbox 631 1981 695 2028; x_wconf 84' lang='lat'>79)</span> <span class='ocrx_word' id='word_1_202' title='bbox 728 1981 947 2016; x_wconf 75' lang='lat' dir='ltr'>conveniens</span> <span class='ocrx_word' id='word_1_203' title='bbox 972 1980 1039 2017; x_wconf 83' lang='lat' dir='ltr'>fibi</span> <span class='ocrx_word' id='word_1_204' title='bbox 1068 1981 1257 2018; x_wconf 83' lang='lat' dir='ltr'>confilium</span> <span class='ocrx_word' id='word_1_205' title='bbox 1313 1984 1353 2030; x_wconf 63' lang='lat'>²)</span> <span class='ocrx_word' id='word_1_206' title='bbox 1377 1985 1468 2021; x_wconf 80' lang='lat' dir='ltr'>edit.</span> <span class='ocrx_word' id='word_1_207' title='bbox 1493 1993 1533 2021; x_wconf 74' lang='lat' dir='ltr'>ee</span> 
     </span>
     <span class='ocr_line' id='line_1_28' title="bbox 212 2037 967 2082; baseline -0.001 -8"><span class='ocrx_word' id='word_1_208' title='bbox 212 2039 335 2074; x_wconf 80' lang='lat' dir='ltr'>Bencl.</span> <span class='ocrx_word' id='word_1_209' title='bbox 358 2037 520 2073; x_wconf 85' lang='lat' dir='ltr'>horunce</span> <span class='ocrx_word' id='word_1_210' title='bbox 539 2051 581 2073; x_wconf 85' lang='lat' dir='ltr'>ea</span> <span class='ocrx_word' id='word_1_211' title='bbox 635 2043 695 2082; x_wconf 87' lang='lat'>80)</span> <span class='ocrx_word' id='word_1_212' title='bbox 721 2037 967 2073; x_wconf 85' lang='lat' dir='ltr'>dominorum.</span> 
     </span>
    </p>
   </div>
   <div class='ocr_carea' id='block_1_4' title="bbox 725 2128 906 2139">
    <p class='ocr_par' dir='ltr' id='par_1_5' title="bbox 725 2128 906 2139">
     <span class='ocr_line' id='line_1_29' title="bbox 725 2128 906 2139; baseline 0 0"><span class='ocrx_word' id='word_1_213' title='bbox 725 2128 906 2139; x_wconf 95' lang='lat' dir='ltr'> </span> 
     </span>
    </p>
   </div>
   <div class='ocr_carea' id='block_1_5' title="bbox 148 2161 1580 2235">
    <p class='ocr_par' dir='ltr' id='par_1_6' title="bbox 148 2161 1580 2235">
     <span class='ocr_line' id='line_1_30' title="bbox 148 2161 1580 2235; baseline 0 -15"><span class='ocrx_word' id='word_1_214' title='bbox 148 2191 208 2230; x_wconf 65' lang='lat'>34.</span> <span class='ocrx_word' id='word_1_215' title='bbox 248 2188 429 2233; x_wconf 81' lang='lat' dir='ltr'>Maligna</span> <span class='ocrx_word' id='word_1_216' title='bbox 468 2187 580 2231; x_wconf 77' lang='lat' dir='ltr'>facta</span> <span class='ocrx_word' id='word_1_217' title='bbox 622 2187 699 2235; x_wconf 75' lang='lat' dir='ltr'>esc]</span> <span class='ocrx_word' id='word_1_218' title='bbox 748 2187 773 2225; x_wconf 83' lang='lat' dir='ltr'>i.</span> <span class='ocrx_word' id='word_1_219' title='bbox 852 2186 1062 2221; x_wconf 75' lang='lat' dir='ltr'>coniectura</span> <span class='ocrx_word' id='word_1_220' title='bbox 1093 2198 1139 2220; x_wconf 83' lang='lat' dir='ltr'>an</span> <span class='ocrx_word' id='word_1_221' title='bbox 1175 2197 1258 2220; x_wconf 74' lang='lat' dir='ltr'>vern</span> <span class='ocrx_word' id='word_1_222' title='bbox 1281 2161 1528 2225; x_wconf 48' lang='lat' dir='ltr'>fit‚·dubi.t⁸-</span> <span class='ocrx_word' id='word_1_223' title='bbox 1577 2214 1580 2216; x_wconf 14' lang='grc' dir='ltr'>μ</span> 
     </span>
    </p>
   </div>
   <div class='ocr_carea' id='block_1_6' title="bbox 97 2241 1523 2402">
    <p class='ocr_par' dir='ltr' id='par_1_7' title="bbox 97 2241 1523 2402">
     <span class='ocr_line' id='line_1_31' title="bbox 101 2241 943 2293; baseline 0.001 -16"><span class='ocrx_word' id='word_1_224' title='bbox 101 2255 134 2277; x_wconf 73' lang='lat' dir='ltr'>e.</span> <span class='ocrx_word' id='word_1_225' title='bbox 173 2241 335 2277; x_wconf 67' lang='lat' dir='ltr'>difficilis</span> <span class='ocrx_word' id='word_1_226' title='bbox 380 2255 471 2290; x_wconf 80' lang='lat' dir='ltr'>quae</span> <span class='ocrx_word' id='word_1_227' title='bbox 518 2257 625 2291; x_wconf 82' lang='lat' dir='ltr'>parce</span> <span class='ocrx_word' id='word_1_228' title='bbox 674 2257 772 2293; x_wconf 78' lang='lat' dir='ltr'>prae-</span> <span class='ocrx_word' id='word_1_229' title='bbox 849 2257 943 2278; x_wconf 88' lang='lat' dir='ltr'>mus.</span> 
     </span>
     <span class='ocr_line' id='line_1_32' title="bbox 100 2298 1522 2347; baseline -0.001 -13"><span class='ocrx_word' id='word_1_230' title='bbox 100 2298 210 2334; x_wconf 80' lang='lat' dir='ltr'>bebat</span> <span class='ocrx_word' id='word_1_231' title='bbox 234 2312 362 2346; x_wconf 87' lang='lat' dir='ltr'>corpus</span> <span class='ocrx_word' id='word_1_232' title='bbox 381 2299 497 2338; x_wconf 79' lang='lat' dir='ltr'>suum.</span> <span class='ocrx_word' id='word_1_233' title='bbox 516 2313 546 2335; x_wconf 86' lang='lat' dir='ltr'>v.</span> <span class='ocrx_word' id='word_1_234' title='bbox 567 2302 705 2337; x_wconf 84' lang='lat' dir='ltr'>Donat.</span> <span class='ocrx_word' id='word_1_235' title='bbox 726 2301 774 2336; x_wconf 85' lang='lat' dir='ltr'>ad</span> <span class='ocrx_word' id='word_1_236' title='bbox 893 2307 952 2347; x_wconf 76' lang='lat'>94.</span> <span class='ocrx_word' id='word_1_237' title='bbox 977 2300 1047 2337; x_wconf 76' lang='lat' dir='ltr'>bue</span> <span class='ocrx_word' id='word_1_238' title='bbox 1063 2300 1263 2336; x_wconf 77' lang='lat' dir='ltr'>transtulit</span> <span class='ocrx_word' id='word_1_239' title='bbox 1279 2298 1462 2344; x_wconf 73' lang='lat' dir='ltr'>amorem]</span> <span class='ocrx_word' id='word_1_240' title='bbox 1496 2298 1522 2333; x_wconf 84' lang='grc' dir='ltr'>ῐ.</span> 
     </span>
     <span class='ocr_line' id='line_1_33' title="bbox 97 2354 1523 2402; baseline -0.002 -10"><span class='ocrx_word' id='word_1_241' title='bbox 97 2354 138 2392; x_wconf 83' lang='lat' dir='ltr'>h.</span> <span class='ocrx_word' id='word_1_242' title='bbox 171 2355 196 2390; x_wconf 93' lang='lat' dir='ltr'>l.</span> <span class='ocrx_word' id='word_1_243' title='bbox 850 2371 883 2393; x_wconf 83' lang='lat' dir='ltr'>e.</span> <span class='ocrx_word' id='word_1_244' title='bbox 903 2358 1001 2393; x_wconf 82' lang='lat' dir='ltr'>hanc</span> <span class='ocrx_word' id='word_1_245' title='bbox 1032 2369 1150 2391; x_wconf 85' lang='lat' dir='ltr'>amare</span> <span class='ocrx_word' id='word_1_246' title='bbox 1170 2355 1303 2402; x_wconf 86' lang='lat' dir='ltr'>coepit.</span> <span class='ocrx_word' id='word_1_247' title='bbox 1321 2356 1472 2402; x_wconf 81' lang='lat' dir='ltr'>Propert</span> <span class='ocrx_word' id='word_1_248' title='bbox 1490 2355 1523 2389; x_wconf 89' lang='lat'>1.</span> 
     </span>
    </p>
   </div>
   <div class='ocr_carea' id='block_1_7' title="bbox 92 2413 1521 2805">
    <p class='ocr_par' dir='ltr' id='par_1_8' title="bbox 92 2413 1521 2805">
     <span class='ocr_line' id='line_1_34' title="bbox 141 2413 1521 2462; baseline 0.001 -16"><span class='ocrx_word' id='word_1_249' title='bbox 141 2421 199 2457; x_wconf 83' lang='lat'>87.</span> <span class='ocrx_word' id='word_1_250' title='bbox 243 2414 308 2448; x_wconf 77' lang='lat' dir='ltr'>Ad</span> <span class='ocrx_word' id='word_1_251' title='bbox 348 2416 579 2460; x_wconf 70' lang='lat' dir='ltr'>exemplum]</span> <span class='ocrx_word' id='word_1_252' title='bbox 650 2416 773 2462; x_wconf 80' lang='lat' dir='ltr'>Negat</span> <span class='ocrx_word' id='word_1_253' title='bbox 852 2427 906 2449; x_wconf 85' lang='lat'>12.</span> <span class='ocrx_word' id='word_1_254' title='bbox 937 2423 990 2456; x_wconf 82' lang='lat'>18.</span> <span class='ocrx_word' id='word_1_255' title='bbox 1043 2416 1137 2450; x_wconf 82' lang='lat' dir='ltr'>Sunt</span> <span class='ocrx_word' id='word_1_256' title='bbox 1162 2426 1305 2462; x_wconf 80' lang='lat' dir='ltr'>quoque</span> <span class='ocrx_word' id='word_1_257' title='bbox 1329 2413 1521 2448; x_wconf 72' lang='lat' dir='ltr'>translato</span> 
     </span>
     <span class='ocr_line' id='line_1_35' title="bbox 97 2468 1520 2520; baseline -0.001 -16"><span class='ocrx_word' id='word_1_258' title='bbox 97 2469 219 2504; x_wconf 78' lang='lat' dir='ltr'>Beml.</span> <span class='ocrx_word' id='word_1_259' title='bbox 248 2468 282 2503; x_wconf 87' lang='lat' dir='ltr'>se</span> <span class='ocrx_word' id='word_1_260' title='bbox 303 2470 504 2517; x_wconf 82' lang='lat' dir='ltr'>intelligere</span> <span class='ocrx_word' id='word_1_261' title='bbox 535 2472 622 2520; x_wconf 84' lang='lat' dir='ltr'>quid</span> <span class='ocrx_word' id='word_1_262' title='bbox 641 2472 773 2519; x_wconf 82' lang='lat' dir='ltr'>fignifi-</span> <span class='ocrx_word' id='word_1_263' title='bbox 845 2473 1000 2520; x_wconf 76' lang='lat' dir='ltr'>gaudia·</span> <span class='ocrx_word' id='word_1_264' title='bbox 1019 2473 1179 2515; x_wconf 81' lang='lat' dir='ltr'>servitio</span> <span class='ocrx_word' id='word_1_265' title='bbox 1212 2469 1250 2503; x_wconf 88' lang='lat' dir='ltr'>in</span> <span class='ocrx_word' id='word_1_266' title='bbox 1274 2469 1395 2503; x_wconf 84' lang='lat' dir='ltr'>Heaut</span> <span class='ocrx_word' id='word_1_267' title='bbox 1419 2469 1464 2503; x_wconf 88' lang='lat'>11.</span> <span class='ocrx_word' id='word_1_268' title='bbox 1483 2474 1520 2512; x_wconf 81' lang='grc'>4.</span> 
     </span>
     <span class='ocr_line' id='line_1_36' title="bbox 99 2523 1518 2577; baseline -0.001 -17"><span class='ocrx_word' id='word_1_269' title='bbox 99 2536 157 2561; x_wconf 86' lang='lat' dir='ltr'>cet</span> <span class='ocrx_word' id='word_1_270' title='bbox 177 2528 231 2561; x_wconf 83' lang='lat' dir='ltr'>ad</span> <span class='ocrx_word' id='word_1_271' title='bbox 256 2531 462 2572; x_wconf 76' lang='lat' dir='ltr'>exemplum</span> <span class='ocrx_word' id='word_1_272' title='bbox 480 2531 698 2577; x_wconf 84' lang='lat' dir='ltr'>corrigitque</span> <span class='ocrx_word' id='word_1_273' title='bbox 719 2534 772 2567; x_wconf 81' lang='lat' dir='ltr'>ad</span> <span class='ocrx_word' id='word_1_274' title='bbox 850 2542 903 2564; x_wconf 83' lang='lat'>10.</span> <span class='ocrx_word' id='word_1_275' title='bbox 921 2529 1086 2564; x_wconf 79' lang='lat' dir='ltr'>eamdem</span> <span class='ocrx_word' id='word_1_276' title='bbox 1098 2540 1172 2563; x_wconf 85' lang='lat' dir='ltr'>rem</span> <span class='ocrx_word' id='word_1_277' title='bbox 1185 2525 1237 2560; x_wconf 79' lang='lat' dir='ltr'>ita</span> <span class='ocrx_word' id='word_1_278' title='bbox 1247 2523 1424 2572; x_wconf 85' lang='lat' dir='ltr'>expreffit.</span> <span class='ocrx_word' id='word_1_279' title='bbox 1435 2524 1518 2559; x_wconf 86' lang='lat' dir='ltr'>Cic.</span> 
     </span>
     <span class='ocr_line' id='line_1_37' title="bbox 95 2584 1518 2635; baseline -0.002 -13"><span class='ocrx_word' id='word_1_280' title='bbox 95 2584 265 2629; x_wconf 76' lang='lat' dir='ltr'><em>amuffim</em></span> <span class='ocrx_word' id='word_1_281' title='bbox 283 2584 304 2620; x_wconf 78' lang='lat' dir='ltr'>i.</span> <span class='ocrx_word' id='word_1_282' title='bbox 328 2597 359 2620; x_wconf 86' lang='lat' dir='ltr'>e.</span> <span class='ocrx_word' id='word_1_283' title='bbox 375 2597 567 2623; x_wconf 81' lang='lat' dir='ltr'>accurrate.</span> <span class='ocrx_word' id='word_1_284' title='bbox 615 2588 768 2623; x_wconf 76' lang='lat' dir='ltr'>Amussis</span> <span class='ocrx_word' id='word_1_285' title='bbox 844 2587 1008 2635; x_wconf 87' lang='lat' dir='ltr'>Philipp.</span> <span class='ocrx_word' id='word_1_286' title='bbox 1029 2587 1073 2622; x_wconf 89' lang='lat'>11.</span> <span class='ocrx_word' id='word_1_287' title='bbox 1094 2584 1242 2629; x_wconf 83' lang='lat' dir='ltr'>31.fibi</span> <span class='ocrx_word' id='word_1_288' title='bbox 1258 2597 1338 2618; x_wconf 81' lang='lat' dir='ltr'>cum</span> <span class='ocrx_word' id='word_1_289' title='bbox 1357 2585 1430 2619; x_wconf 81' lang='lat' dir='ltr'>illa</span> <span class='ocrx_word' id='word_1_290' title='bbox 1447 2585 1518 2619; x_wconf 72' lang='lat' dir='ltr'>mi-</span> 
     </span>
     <span class='ocr_line' id='line_1_38' title="bbox 95 2638 1519 2692; baseline 0 -17"><span class='ocrx_word' id='word_1_291' title='bbox 95 2638 147 2675; x_wconf 77' lang='lat' dir='ltr'>est</span> <span class='ocrx_word' id='word_1_292' title='bbox 164 2640 286 2684; x_wconf 83' lang='lat' dir='ltr'>regula</span> <span class='ocrx_word' id='word_1_293' title='bbox 303 2640 483 2678; x_wconf 82' lang='lat' dir='ltr'>labrorum</span> <span class='ocrx_word' id='word_1_294' title='bbox 505 2646 566 2692; x_wconf 87' lang='lat' dir='ltr'>qui</span> <span class='ocrx_word' id='word_1_295' title='bbox 586 2658 677 2692; x_wconf 75' lang='lat' dir='ltr'>opus</span> <span class='ocrx_word' id='word_1_296' title='bbox 691 2657 769 2680; x_wconf 83' lang='lat' dir='ltr'>exa·</span> <span class='ocrx_word' id='word_1_297' title='bbox 842 2658 904 2679; x_wconf 87' lang='lat' dir='ltr'>ma</span> <span class='ocrx_word' id='word_1_298' title='bbox 914 2644 1067 2690; x_wconf 72' lang='lat' dir='ltr'>posthac</span> <span class='ocrx_word' id='word_1_299' title='bbox 1080 2641 1365 2683; x_wconf 77' lang='lat' dir='ltr'>nihilfuturum,</span> <span class='ocrx_word' id='word_1_300' title='bbox 1377 2653 1519 2675; x_wconf 76' lang='lat' dir='ltr'>omnem</span> 
     </span>
     <span class='ocr_line' id='line_1_39' title="bbox 93 2697 1518 2745; baseline 0.001 -14"><span class='ocrx_word' id='word_1_301' title='bbox 93 2697 238 2731; x_wconf 79' lang='lat' dir='ltr'>minant</span> <span class='ocrx_word' id='word_1_302' title='bbox 279 2709 325 2732; x_wconf 84' lang='lat' dir='ltr'>an</span> <span class='ocrx_word' id='word_1_303' title='bbox 363 2711 499 2734; x_wconf 84' lang='lat' dir='ltr'>rectum</span> <span class='ocrx_word' id='word_1_304' title='bbox 536 2702 589 2736; x_wconf 81' lang='lat' dir='ltr'>fit.</span> <span class='ocrx_word' id='word_1_305' title='bbox 636 2703 768 2737; x_wconf 82' lang='lat' dir='ltr'>Corru—</span> <span class='ocrx_word' id='word_1_306' title='bbox 832 2703 1045 2744; x_wconf 79' lang='lat' dir='ltr'>seamorem</span> <span class='ocrx_word' id='word_1_307' title='bbox 1056 2701 1338 2745; x_wconf 77' lang='lat' dir='ltr'>abieciſj&#39;eillinc</span> <span class='ocrx_word' id='word_1_308' title='bbox 1347 2709 1457 2744; x_wconf 78' lang='lat' dir='ltr'>atque</span> <span class='ocrx_word' id='word_1_309' title='bbox 1473 2699 1518 2734; x_wconf 78' lang='lat' dir='ltr'>in</span> 
     </span>
     <span class='ocr_line' id='line_1_40' title="bbox 92 2753 1206 2805; baseline 0.003 -15"><span class='ocrx_word' id='word_1_310' title='bbox 92 2753 337 2803; x_wconf 36' lang='lat' dir='ltr'>ptum-locum</span> <span class='ocrx_word' id='word_1_311' title='bbox 359 2755 427 2791; x_wconf 76' lang='lat' dir='ltr'>esse</span> <span class='ocrx_word' id='word_1_312' title='bbox 446 2756 581 2805; x_wconf 83' lang='lat' dir='ltr'>liquet;</span> <span class='ocrx_word' id='word_1_313' title='bbox 608 2759 765 2795; x_wconf 72' lang='lat' dir='ltr'>Bentleii</span> <span class='ocrx_word' id='word_1_314' title='bbox 840 2758 936 2795; x_wconf 76' lang='lat' dir='ltr'>hanc</span> <span class='ocrx_word' id='word_1_315' title='bbox 951 2759 1206 2804; x_wconf 72' lang='lat' dir='ltr'>transfudisse·</span> 
     </span>
    </p>
   </div>
  </div>
 </body>
</html>
