1708 3106
267 152 367 206 240
791 146 1158 196 PHORMIO.

263 285 340 329 Ita
356 293 550 348 patrem
571 279 898 331 adolescentis
922 279 962 344 6)
989 247 1122 332 facta
1145 279 1274 332 haec
1294 280 1509 332 tolerare
1530 281 1690 333 audio

624 348 881 398 violenter.

222 420 499 485 5Namque
514 419 554 481 *)
580 416 708 466 haec
730 435 859 466 anus
873 418 942 466 est
955 401 1241 467 exanimata
1257 416 1453 467 afratre
1479 426 1517 479 7)
1551 435 1688 486 quae

622 487 804 549 egressa
827 487 894 534 est
912 489 1060 534 meo?

261 552 352 602 So,
387 550 540 620 Quod
566 566 626 602 ut
655 553 868 602 facerem
904 555 1088 619 egestas
1120 572 1199 602 me
1224 556 1266 613 8)
1311 553 1535 621 impulit,
1566 571 1688 604 cum

620 622 790 670 scirem
813 620 1038 670 infirmas
1062 629 1103 683 9)
1142 623 1349 687 nuptias

258 689 420 739 Hasce
432 689 555 751 ',esse
591 702 652 738 ut
674 688 725 737 id
751 689 1057 739 consulerem
1093 691 1284 740 interea
1315 691 1422 740 vita
1448 693 1507 752 ιο)
1544 704 1602 739 ut
1630 690 1685 739 in

619 770 732 805 tuto
762 757 902 806 foret.
933 757 995 819 ¹¹)

260 828 362 874 CH.
397 828 544 875 Certo
568 823 750 892 edepol
769 823 857 873 nifi
878 843 958 875 me
980 826 1179 875 animus
1198 783 1350 884 sallit,
1385 838 1474 874 aut
1501 843 1685 892 parum

618 893 932 960 prospiciunt
959 892 1110 953 oculi,

255 965 404 1011 Meae
425 962 675 1011 nutricem
689 975 870 1025 gnatae
896 962 1055 1011 video.
1121 962 1213 1010 SO.
1245 963 1431 1027 Neque
1449 959 1566 1010 ille'
1552 979 1686 1012 mve-

617 1030 835 1094 stigatur.
915 1031 1011 1078 CH.
1046 1028 1182 1077 Ouid
1202 1031 1379 1094 agam?

188 1120 240 1147 10
255 1096 348 1148 SO
377 1099 479 1165 Qui
509 1098 579 1147 est
599 1103 747 1165 pater
776 1098 898 1147 eius.
965 1101 1064 1145 CH.
1099 1095 1274 1144 Adeon
1299 1099 1356 1155 ¹²)
1385 1113 1449 1145 an
1486 1114 1682 1156 maneo,

619 1165 741 1214 dum
777 1182 836 1214 ea
870 1183 1006 1233 quae
1040 1165 1275 1231 loquitur
1303 1165 1460 1232 magis
1493 1183 1680 1232 cogno·

617 1234 780 1283 scam?
805 1235 847 1293 *)

259 1302 410 1370 Quod
449 1300 485 1350 fi
520 1319 637 1351 eum
669 1319 806 1351 nunc
837 1302 1091 1368 repperire
1120 1297 1318 1368 possim,
1372 1295 1497 1349 nihil
1529 1299 1586 1350 sit
1598 1298 1681 1363 **)

618 1369 758 1436 quod
777 1387 961 1418 verear.
1030 1371 1126 1418 CH.
1161 1370 1232 1417 Ea
1253 1369 1354 1435 ipsa
1374 1369 1453 1417 est.

258 1438 564 1505 Conloquar.
630 1439 724 1487 So.
754 1439 879 1486 Ouis
907 1438 986 1488 hic
1012 1436 1277 1506 loquitur?
1340 1440 1438 1485 CH.
1469 1435 1682 1502 Sophro-

614 1525 693 1555 na.
762 1507 853 1554 SO.
892 1510 952 1555 Et
973 1525 1139 1555 meum
1161 1523 1345 1555 nomen
1368 1504 1627 1555 nominat?

219 1578 317 1624 CH.
381 1575 583 1641 Respice
609 1575 673 1623 ad
700 1592 790 1622 me.
855 1577 945 1624 SO.
967 1576 1051 1623 Dii
1074 1574 1279 1624 obsecro
1301 1591 1404 1622 vos.
1439 1565 1571 1622 estne
1593 1572 1677 1623 hic

613 1641 845 1707 Stilpho?
912 1645 1011 1690 CH.
1048 1645 1181 1692 Non.
1246 1641 1338 1689 SO.
1372 1643 1579 1707 Negas?

252 1714 351 1760 CH.
394 1709 627 1759 Concede
663 1709 783 1759 hinc
820 1728 851 1759 a
888 1709 1079 1760 foribus
1121 1715 1261 1776 ¹3).p
1266 1707 1494 1758 aululum
1535 1710 1676 1759 istor·

612 1779 717 1826 sum
743 1779 804 1835 ι4)
838 1777 979 1826 sodes
1004 1729 1287 1842 Sophrona,

184 1857 233 1896 15
248 1848 326 1895 Ne
369 1861 449 1893 me
491 1844 638 1893 istoc
655 1843 861 1910 posthac
894 1846 1098 1892 nomine
1131 1841 1421 1909 appellaffis.
1457 1848 1514 1905 ι5)
1579 1847 1672 1895 SO.

612 1912 782 1978 Quid?
816 1915 936 1962 Non
968 1929 1021 1960 es
1052 1909 1269 1967 obsecro,

251 1984 413 2049 Quem
443 1981 634 2046 semper
668 1993 717 2028 te
748 1980 838 2028 esse
871 1978 1139 2028 dictitasti?
1208 1981 1307 2027 CH.
1343 1979 1423 2028 Est
1457 1975 1514 2042 ¹6)
1579 1982 1670 2031 So,

607 2047 734 2116 quid
755 2046 847 2097 has
871 2048 1053 2097 metuis
1077 2047 1243 2097 fores?
1266 2051 1352 2109 ι7)

307 2192 350 2237 6)
377 2191 601 2241 Antiphonis
657 2193 693 2238 *)
715 2193 806 2229 edit.
828 2204 865 2228 et
886 2192 1007 2228 Bentl.
1038 2203 1124 2226 nam
1146 2202 1238 2238 quae
1293 2189 1334 2236 7)
1359 2202 1379 2224 a
1408 2190 1520 2226 domo
1550 2191 1669 2229 fratris

352 2250 426 2284 mei
516 2250 559 2296 8)
583 2261 623 2285 ut
650 2249 828 2284 traderem
857 2249 990 2296 nuptui
1070 2249 1113 2294 9)
1148 2261 1225 2282 non
1251 2247 1396 2284 stabiles
1473 2252 1531 2289 ιο)
1567 2248 1668 2285 iilius

305 2350 308 2354 Ι
352 2306 415 2352 ιι)
438 2307 476 2341 in
499 2307 622 2342 securo
642 2306 727 2342 esset
752 2320 799 2341 ne
825 2306 921 2350 fame
948 2304 1212 2354 periclitaretur
1279 2306 1338 2351 ια)
1365 2318 1410 2340 au
1443 2304 1535 2340 adeo
1565 2305 1668 2341 illam

347 2364 385 2408 Ὦ
417 2366 508 2401 edic.
538 2377 576 2402 et
605 2367 725 2401 Bencl.
754 2362 933 2409 cognosco
995 2363 1046 2408 ⁴⁴)
1070 2363 1161 2399 edic.
1189 2374 1226 2398 et
1251 2364 1370 2399 Benel.
1398 2361 1449 2397 est
1515 2363 1576 2408 13)
1601 2361 1668 2397 do-

346 2433 428 2455 mus
446 2421 565 2457 fratris
617 2424 679 2467 14)
704 2421 741 2455 in
752 2421 849 2455 hanc
865 2430 1001 2467 partem
1046 2416 1108 2465 15)
1126 2418 1285 2466 appelles
1336 2418 1398 2465 ιδ)
1417 2417 1554 2454 scilicet
1570 2417 1664 2454 ratio
1685 2417 1689 2422 ⁴

347 2490 457 2525 quare
487 2479 540 2513 ita
570 2491 630 2513 me
661 2477 905 2525 appellabam.
1230 2485 1239 2495 ·

351 2625 381 2659 A
395 2636 458 2660 c'r.
487 2625 531 2658 V.
595 2624 619 2659 S
633 2637 735 2659 cen.
767 2637 797 2658 ι.
988 2624 1093 2659 serre.
1114 2620 1299 2658 violentia
1319 2620 1363 2655 iis
1385 2621 1564 2661 tribuitur.
1598 2621 1661 2670 qui

283 2685 319 2724 4.
360 2684 525 2717 tolerare
555 2683 765 2727 violenter]
822 2680 846 2714 i.
880 2693 912 2716 e.
990 2682 1079 2716 iram
1105 2680 1272 2715 cohibere
1301 2691 1374 2712 non
1395 2677 1553 2725 possunt.
1574 2679 1662 2719 Sue·-

238 2735 412 2772 iracunde
432 2738 615 2785 accipere„
639 2739 767 2786 iniquo
787 2738 911 2773 animo
989 2749 1066 2774 ton.
1083 2738 1121 2772 iu
1136 2736 1238 2772 Cael.
1260 2748 1288 2770 c.
1302 2743 1347 2779 35
1381 2749 1426 2771 ne
1438 2736 1659 2784 quandoque
