1708 3106
259 163 356 207 272

262 281 330 331 36.
391 278 478 335 Qui
494 278 634 332 magis
655 276 760 319 licet
783 278 1005 318 currentes
1020 276 1168 331 servos
1176 275 1390 332 scribere,
1411 282 1556 322 Bonas
1576 293 1672 323 ma·

260 345 413 376 tranas
423 338 605 389 facere,
635 338 885 376 meretrices
903 335 1046 375 malas
1071 347 1154 376 etc.

343 416 398 426 ——-
423 409 492 446 41·
526 407 625 432 mea
644 392 806 445 causa]
867 393 1041 446 Hecyra
1059 394 1225 449 prolog.
1249 393 1321 432 alt.
1344 407 1414 449 47.
1443 395 1548 434 Mea
1568 403 1670 433 calb-

250 451 306 502 sa
327 452 503 502 causam
525 450 640 489 hanc
655 451 860 504 aecipite.

342 530 398 538 —-
423 523 494 560 44.
523 507 745 558 laboriosa
765 505 842 562 esc]
901 506 1084 556 laborat,
1105 505 1152 545 in
1167 504 1420 546 discrimine
1440 504 1574 560 polita
1593 503 1669 557 est,

259 575 339 618 ego
356 574 508 603 orator
523 563 710 603 excitor.
1208 592 1212 596 .
1479 595 1483 599 .

344 643 397 651 --
429 635 500 672 45.
528 619 730 673 gregem]
792 617 1085 659 adolescentes
1104 631 1143 658 v.
1168 634 1205 660 2.
1228 618 1455 672 prologum
1476 630 1667 673 agentes.

334 675 396 707 '—
424 687 493 729 48.
514 679 558 728 si
579 690 801 731 nunquam
820 699 874 706 —
894 677 988 715 arti
1010 674 1173 727 meae]
1207 676 1385 727 ‘Hecyra
1406 677 1570 731 prolog.
1594 678 1667 716 alt.

254 746 325 786 41„
361 734 409 773 Si
427 746 648 788 nunquam
666 747 804 773 avare
817 734 1010 786 precium
1028 733 1169 783 scaeui
1190 733 1284 770 arti
1302 745 1439 772 meae.

314 787 443 888 lAct.
473 790 508 828 Ι.
548 803 584 830 1.
621 806 687 844 37.
724 788 922 845 appone]
992 789 1043 829 11.
1074 789 1149 831 IV.
1183 803 1273 829 112.
1302 788 1425 843 προτὶ
1466 789 1566 847 ataui!
1596 789 1668 842 α’γ.

255 847 311 888 κλ
332 861 417 893 ναις.
689 875 693 878 -

345 925 394 934 —-
421 927 476 935 —
501 928 557 936 —
588 911 658 952 81.
689 903 758 944 uti
776 926 831 935 —
850 901 1045 957 utenda]
1104 899 1239 956 epigr.
1260 900 1420 942 incerti
1439 903 1484 943 in
1506 904 1667 944 anthol.

256 973 318 1015 gr.
338 959 470 999 Num.
496 961 555 999 ΙΙ.
589 975 633 1014 p.
654 976 753 1013 435.
1322 996 1329 1002 .

336 1041 391 1049 —
415 1042 470 1049 —
498 1041 546 1050 -
581 1032 671 1058 120.
703 1017 775 1055 ibo·
797 1039 844 1050 «-
855 1014 1008 1071 fores]
1066 1013 1305 1055 Menander
1326 1012 1477 1070 fragm.
1495 1015 1668 1058 'Cla-ic.

257 1089 277 1114 2
288 1089 353 1127 39.
365 1089 408 1128 p.
428 1078 518 1116 10⁴6·
548 1072 914 1126 Emendation3in
923 1070 1149 1112 Menandri
1162 1082 1205 1111 et
1217 1071 1454 1111 Philemon.
1464 1073 1669 1127 reliquias

254 1130 372 1186 Traj.
405 1130 459 1169 ad
477 1129 617 1170 Rhen.
643 1144 764 1183 1710.
796 1125 893 1171 ἄλλ’
920 1123 1115 1183 ἐψόφηκε
1136 1123 1211 1183 τῆν
1232 1125 1370 1183 θύραν
1388 1143 1451 1175 τις
1470 1127 1591 1179 εἷιών
1621 1141 1671 1170 ut

256 1186 506 1226 emendavit
526 1186 715 1227 summu-s
737 1186 922 1226 Bentlei.
946 1185 1020 1240 qui
1051 1184 1126 1224 sub
1155 1185 1332 1225 nominc
1363 1184 1670 1227 Phileleutheri

254 1241 476 1298 Lipsiensis
501 1245 621 1283 latet.

340 1321 394 1332 —
420 1301 476 1339 11.
494 1315 529 1340 1.
543 1316 582 1353 9.
606 1302 675 1339 ait
695 1299 870 1354 —sssietJ
929 1297 1041 1340 sc.·2'.
1058 1302 1124 1351 36.
1154 1299 1253 1339 Hoc
1262 1300 1422 1350 scitum
1441 1300 1529 1352 esc:
1551 1301 1672 1355 peri·

253 1356 398 1397 culum
420 1372 476 1396 ex
499 1357 604 1397 aliis
617 1360 778 1407 facere
791 1384 802 1400 ,
835 1356 920 1396 cibi
938 1354 1058 1410 quod
1078 1369 1133 1395 ex
1155 1357 1228 1407 usu
1239 1358 1338 1407 siet.
1579 1354 1586 1357 ”

337 1437 395 1445 -
420 1437 475 1445 —-
507 1439 555 1448 -
593 1421 657 1456 16.
688 1424 780 1454 tum
804 1411 924 1468 quod
948 1412 1065 1467 dem]
1125 1409 1300 1452 fortasse
1325 1411 1442 1453 dum.

340 1496 398 1505 -·
427 1494 481 1502 —
518 1485 556 1520 3.
593 1486 684 1523 ¹24·
722 1485 827 1509 nam
854 1468 1074 1524 quendam
1103 1493 1158 1500 —
1188 1468 1466 1524 incenderet]
1525 1468 1671 1510 Ruhn-

253 1527 358 1622 keF.
408 1527 463 1567 ad
503 1527 699 1582 Xenoph.
739 1541 922 1567 memor.
964 1526 1129 1567 Socrat.
1168 1540 1212 1580 p.
1245 1541 1338 1580 234·
1363 1524 1424 1580 sq.
1456 1525 1560 1567 edit.
1591 1527 1670 1567 Er-

255 1597 311 1624 ne
334 1594 365 1624 t.
1659 1592 1663 1606 ³

339 1676 393 1684 —
424 1652 502 1691 111.
532 1668 565 1692 ι.
591 1663 640 1705 39
664 1676 712 1685 -
737 1666 829 1694 102.
860 1651 979 1692 Haec
1002 1665 1089 1691 non
1107 1652 1220 1691 bene
1239 1650 1355 1691 inter
1373 1650 1416 1691 se
1434 1650 1531 1690 sunt
1558 1665 1672 1692 nexa

255 1717 301 1746 et
318 1707 455 1749 hiant.
501 1709 628 1748 Iubet
650 1722 750 1748 eum
773 1708 951 1748 domum
971 1707 1215 1747 concedere
1243 1721 1282 1746 v.
1314 1723 1389 1757 903
1431 1707 1507 1748 sed
1533 1708 1569 1747 is
1600 1709 1671 1748 ad-

254 1762 344 1804 huc
366 1763 486 1804 adest
503 1779 543 1803 v.
571 1779 661 1806 102.
717 1765 854 1804 Exire
886 1765 1041 1817 aliquis
1073 1763 1203 1802 domo
1227 1762 1390 1802 dicitur
1415 1778 1454 1802 v.
1477 1780 1552 1814 903
1587 1779 1669 1804 nec

255 1832 458 1875 apparet,
499 1822 626 1874 quis?
680 1820 884 1860 Narratio
919 1819 973 1859 de
1004 1819 1304 1861 vicinis-inter
1329 1819 1437 1859 haec
1468 1817 1669 1874 fingulari

254 1877 388 1917 modo
409 1876 721 1931 interponitur.
781 1875 899 1927 Quid
931 1876 1094 1915 multa?
1154 1877 1261 1916 Puto
1286 1873 1428 1915 versus
1460 1875 1668 1929 quosdam

253 1931 373 1973 l'uam
395 1932 543 1974 sedem
565 1932 748 1974 mutasse
772 1944 815 1973 et
837 1933 899 1972 ita
920 1932 1067 1987 iungo:
1123 1941 1129 1946 '

341 2002 408 2040 88.
439 1989 726 2030 CHREMES.
759 1990 948 2044 Operam
980 1989 1107 2029 dabo.

340 2063 407 2101 92.
435 2048 613 2086 Paulum
636 2046 721 2087 hoc
742 2047 905 2102 negotii
936 2046 1046 2086 mihi
1069 2045 1221 2086 obstat.
1281 2045 1423 2088 Simus
1443 2054 1488 2087 et
1508 2046 1642 2087 Crito.

335 2119 406 2159 93.
434 2103 582 2144 Vicini
601 2102 735 2142 nostri
754 2103 827 2143 hic
848 2104 1070 2159 ambigunt
1091 2103 1146 2144 de
1170 2102 1341 2144 finibus.
1369 2137 1372 2140 ,
1418 2106 1423 2118 “
1700 2096 1708 2106 “

342 2175 411 2215 94.
444 2185 478 2194 ..
511 2174 604 2202 102.
633 2158 852 2200 inclufive.

342 2232 412 2271 90.
439 2215 481 2257 A
499 2230 572 2257 me
590 2216 735 2257 nescio
759 2217 853 2271 quis
882 2217 987 2257 exit.
1039 2217 1244 2258 Concede
1265 2216 1368 2262 hinc
1396 2215 1586 2257 domum.

339 2288 407 2327 9¹·
441 2272 511 2313 Ne
533 2286 610 2313 nos
633 2274 749 2314 inter
764 2287 845 2313 nos—
864 2279 1103 2329 congruere
1132 2273 1330 2314 sentiant.

339 2336 410 2381 89.
443 2329 574 2381 Syrus
596 2329 678 2381 est3
715 2330 1051 2385 prehendendus
1076 2341 1204 2385 atque
1231 2328 1522 2370 adhortandus
1543 2329 1663 2369 mihi.

257 2385 437 2426 Scilicet
458 2386 688 2437 Chremes,
720 2401 851 2442 quum
877 2388 1038 2442 aperiri
1057 2385 1211 2428 ostium
1230 2385 1330 2431 [uae
1359 2385 1511 2426 domus
1541 2386 1665 2435 vidit,

255 2442 382 2482 iubet
401 2442 521 2482 abire
548 2443 877 2494 Menedemum3
927 2444 1058 2498 paulo
1083 2442 1179 2498 post
1210 2442 1399 2499 agnoscit
1432 2453 1665 2482 exeuntem

256 2498 435 2550 Syrum,
467 2509 511 2538 et
539 2498 671 2539 dicit:
705 2502 833 2554 Syrus
861 2503 948 2551 esc:
992 2499 1175 2541 addens:
1220 2501 1294 2540 ille
1329 2497 1418 2554 ipse
1449 2499 1523 2553 qui
1556 2499 1664 2538 mihi

254 2554 505 2595 Menedemi
526 2556 651 2596 causa
668 2556 1006 2610 prehendendus
1028 2571 1078 2597 ac
1097 2555 1334 2597 hortandus
1356 2554 1430 2595 est.
1474 2555 1665 2595 Prehen-

255 2610 363 2650 dere
381 2621 514 2665 pute,
543 2626 596 2652 eo
626 2612 748 2652 sensu
779 2629 862 2668 quo
894 2614 1066 2653 Plautus
1095 2614 1188 2653 Mil.
1214 2614 1246 2653 Ι.
1276 2627 1310 2653 1.
1333 2618 1398 2656 60·
1423 2611 1567 2663 pallio
1595 2626 1664 2650 me

255 2667 589 2721 reprehendere.
653 2670 758 2710 Vult
787 2684 887 2710 eum
918 2679 1340 2724 praetercurrentem
1371 2666 1486 2721 quasi
1514 2682 1537 2707 e
1563 2666 1663 2722 fuga

255 2737 484 2775 revocare,
512 2725 749 2767 retrahere.
804 2727 978 2768 Poterat
999 2727 1128 2768 etiam
1153 2741 1175 2767 a
1194 2725 1315 2768 versu
1337 2736 1385 2779 89
1410 2737 1519 2765 nova
1535 2723 1662 2765 leena
