1708 3106
166 178 259 239 148

713 173 1035 223 HECYRA.

160 314 243 365 Sic
263 325 469 380 optume
481 315 542 375 39)
574 324 634 362 ut
652 327 744 376 ego
761 308 942 376 opinor
963 325 1139 362 omnes
1160 311 1334 361 causas
1345 311 1413 372 4⁰)
1447 319 1585 377 prae*-

523 378 688 429 cidam
706 378 958 436 omnibus,

161 453 224 499 Et
253 467 331 498 me
361 447 459 500 hac
490 448 763 514 suspicione
793 445 1046 497 exsolvam
1078 461 1130 496 et
1157 446 1256 497 illis
1283 449 1349 508 4¹)
1393 464 1587 498 morem

519 517 714 582 gessero.

162 586 278 636 Sine
301 602 380 633 me
401 582 605 634 obsecro
629 582 726 631 hoc
747 584 808 639 42)
841 581 1077 647 effugere,
1114 581 1297 650 vulgus
1321 582 1461 651 quod
1483 599 1586 632 ma-

523 650 570 698 le
592 651 735 699 audit
757 647 1035 699 mulierum.
1055 654 1117 713 43)

91 731 145 773 25
158 720 312 772 ΡΑΜ.
346 722 515 785 Quam
545 718 834 767 fortunatus
869 719 1087 768 caeteris
1115 719 1220 767 sum
1250 717 1430 777 rebus,
1472 716 1584 768 abs·

523 803 625 854 que
643 787 708 844 44)
742 802 847 834 una
866 782 995 835 haec
1021 785 1160 836 foret.
1181 789 1244 846 45)

160 860 312 912 Hanc
334 870 544 905 matrem
571 853 761 902 habens
784 851 958 910 talem,
1002 853 1139 903 illam
1169 868 1338 903 autem
1359 871 1584 904 uxorem.

517 924 608 972 SO.
643 920 859 970 Obsecro
890 921 958 968 mi
978 920 1249 989 Pamphile,

164 995 287 1044 Non
319 1004 427 1040 tute
453 989 826 1039 incommodam
859 1005 964 1036 rem
995 1003 1053 1037 ut
1080 1007 1317 1057 quaeque
1342 989 1414 1039 est
1431 986 1497 1049 46)
1528 989 1583 1037 in

519 1058 739 1107 animum
764 1054 979 1106 inducas
1003 1059 1064 1119 47)
1099 1058 1220 1124 pati,

160 1129 213 1179 Si
244 1140 444 1178 caetera
471 1127 546 1174 ita
566 1126 676 1180 sunt
705 1138 765 1173 ut
785 1137 843 1172 tu
863 1124 954 1173 vis.
975 1124 1041 1182 48)
1085 1129 1276 1192 ’Itaque
1304 1125 1366 1186 49)
1400 1138 1461 1173 ut
1486 1124 1581 1174 esse
1621 1123 1625 1127 ’

80 1237 83 1243 ,
522 1210 616 1258 ego
645 1190 786 1240 illam
806 1195 870 1251 5⁰)
893 1192 1133 1250 existimo,

158 1264 235 1312 Mi
254 1261 318 1325 5¹)
363 1274 514 1328 gnate
546 1261 611 1308 da
638 1260 838 1310 veniam
868 1257 1000 1310 hanc
1030 1260 1176 1317 mihi,
1217 1257 1406 1314 reduce
1434 1257 1582 1310 illam.

84 1409 139 1454 30
156 1401 246 1450 SO.
281 1401 342 1447 Et
361 1395 484 1447 mihi

217 1627 285 1674 59)
309 1624 515 1661 recedendo
544 1623 586 1659 ab
607 1622 695 1659 urbe
751 1624 814 1666 4ο)
841 1621 1046 1660 occasiones

513 1327 665 1376 PAM.
700 1330 805 1376 Vae
823 1328 998 1377 misero
1022 1327 1155 1377 mihi.

503 1395 719 1463 quidem.
738 1398 800 1453 52)
869 1398 1002 1443 Nam
1027 1394 1156 1445 haec
1173 1413 1254 1445 res
1276 1412 1383 1445 uon
1412 1397 1588 1447 minus

514 1481 595 1513 me
616 1462 746 1513 male
769 1461 921 1512 habet
942 1481 1097 1531 quam
1123 1477 1173 1513 te
1197 1477 1348 1531 gnate
1367 1464 1447 1512 mi.

1100 1627 1161 1670 41)
1187 1621 1428 1661 Philumenae
1456 1635 1492 1662 et
1521 1638 1584 1674 pa-

260 1682 424 1719 rentibus
446 1681 523 1716 eius
582 1684 643 1725 42)
668 1679 806 1715 malum
871 1680 938 1725 43)
965 1680 1163 1717 maledicta
1195 1694 1288 1730 quae
1315 1681 1477 1727 vulgares
1504 1695 1583 1718 mu-

258 1740 366 1775 lieres
398 1738 572 1773 sustinent
633 1738 699 1781 44)
726 1737 858 1784 absque
885 1735 913 1771 fi
973 1738 1039 1782 45)
1069 1736 1097 1772 fi
1123 1750 1200 1772 non
1231 1736 1317 1773 esset
1342 1737 1582 1774 Philumenae

259 1796 357 1831 filius
381 1793 605 1829 adulterinus
651 1795 711 1838 46)
737 1804 778 1829 ut
797 1804 1039 1840 unaquaeque
1067 1806 1122 1829 ree
1151 1794 1201 1829 est
1251 1795 1316 1838 47)
1342 1804 1491 1841 propter
1507 1795 1582 1831 hoe

262 1851 364 1899 quod
381 1849 519 1884 receffit
581 1854 642 1893 48)
667 1851 706 1885 in
734 1849 952 1886 Philumena
997 1852 1064 1896 49)
1095 1860 1132 1886 et
1157 1849 1210 1886 ita
1235 1849 1285 1886 est
1340 1854 1400 1894 50)
1427 1851 1580 1899 probam

262 1919 298 1944 et
319 1906 517 1944 modestam
571 1908 637 1952 5¹)
665 1920 687 1942 ο
710 1907 761 1941 mi
815 1911 875 1950 52)
900 1919 940 1942 ve
960 1910 1067 1950 (vae).

201 2095 260 2119 22.
306 2083 434 2127 causas
491 2080 731 2124 praecidam]
803 2080 828 2118 i,

157 2153 191 2175 ο.
219 2138 367 2176 tollam,
405 2135 577 2175 adimam,
598 2136 677 2171 Cic.
701 2146 770 2171 act.
797 2137 827 2171 Ι.

155 2195 197 2229 in
233 2196 384 2229 Verrem
422 2206 451 2228 c.
493 2206 525 2238 7.
565 2205 607 2229 ut
648 2205 724 2229 una
765 2192 829 2228 ho·

154 2264 202 2288 ra
230 2265 303 2301 qua
329 2254 433 2294 coepi
462 2252 582 2286 dicere
611 2263 673 2285 reo
709 2251 829 2285 auda-

154 2310 191 2344 ci
218 2327 264 2335 -
290 2310 395 2353 spem
427 2308 564 2343 iudicii
594 2319 828 2350 cor-rumpen-

153 2365 198 2400 di
237 2365 503 2408 praeciderem.
548 2363 650 2397 Verr.
685 2364 730 2399 11.
768 2364 826 2400 62.

155 2421 223 2454 Da
251 2419 341 2455 mz'hi
368 2420 456 2462 hoc;
494 2413 570 2456 iam
608 2421 680 2456 cibi
705 2423 824 2455 maxi.

154 2488 250 2511 mam
277 2488 421 2519 par-tem
456 2477 686 2522 defensionis
714 2491 827 2522 prae·

152 2533 303 2569 cideris.

195 2593 254 2632 ²4·
289 2588 416 2636 quod]
466 2592 565 2635 quod
584 2589 732 2637 ponitur
756 2602 821 2637 pro

151 2645 196 2680 ob
223 2647 344 2692 quod.
373 2658 528 2690 propter
557 2648 654 2696 quod
675 2656 714 2681 ut
733 2646 821 2680 alibi

148 2699 254 2746 [nepe
287 2701 386 2748 apud
413 2704 562 2738 Terent.
589 2702 733 2750 respicit
762 2715 823 2736 au-

148 2766 243 2801 tem,
267 2758 367 2803 quod
386 2757 490 2805 supra
508 2760 554 2794 11.
578 2772 607 2794 r.
627 2765 662 2804 4.
683 2758 821 2795 dictum

905 2089 981 2115 erat
1006 2090 1129 2116 omnes
1156 2083 1289 2127 sbcrus
1320 2083 1482 2138 oder-utre
1506 2098 1578 2122 nu·-

903 2152 982 2173 rus.

934 2201 1006 2240 μ25.
1033 2194 1168 2241 absque
1185 2207 1262 2230 una
1281 2193 1369 2230 haec
1377 2197 1511 2239 sot-et]
1551 2197 1577 2235 ἱ.

904 2263 936 2285 e.
971 2249 998 2284 fi
1030 2250 1123 2284 haee
1156 2263 1229 2285 una
1263 2264 1318 2286 ree
1354 2251 1499 2287 abesset.
1536 2252 1578 2288 iu

902 2305 1046 2341 Phor-m·
1075 2308 1104 2342 1.
1123 2313 1157 2351 4.
1194 2320 1245 2342 ιι.
1273 2321 1361 2344 nam
1381 2309 1518 2358 absque
1531 2324 1576 2346 eo

901 2365 998 2409 esset.
1044 2364 1146 2398 Haec
1167 2364 1342 2412 loquendi
1365 2366 1479 2400 forma
1499 2379 1576 2402 non

901 2419 967 2455 nifi
1018 2419 1117 2468 apud
1158 2421 1333 2456 comicos
1384 2422 1573 2470 reperitur.

900 2475 979 2523 Ipsa
1006 2477 1119 2525 etiamr
1143 2476 1410 2525 praepositione
1438 2480 1575 2525 absque

901 2533 1031 2568 comici
1064 2532 1130 2568 soli
1159 2543 1328 2573 utuntur,
1371 2548 1471 2583 quae
1495 2549 1574 2572 nou

900 2589 1036 2625 directe
1070 2589 1169 2636 apud
1200 2603 1262 2626 eos
1282 2592 1369 2637 fine
1396 2592 1574 2639 fignificat

898 2645 959 2680 led
993 2656 1134 2683 tantum
1168 2650 1420 2697 exceptionem
1459 2661 1573 2697 quau-

900 2703 997 2737 dam.
1019 2716 1050 2738 v.
1072 2703 1253 2740 Vorstium
1285 2705 1329 2741 de
1348 2705 1481 2747 latinit,
1497 2718 1577 2746 me->

896 2760 968 2796 rito
990 2759 1151 2808 suspecta
1179 2774 1209 2797 c.
1232 2774 1269 2809 9,
