1708 3106
86 206 88 208 ,
136 158 234 210 190
660 143 1031 195 PHORMIO.

57 292 112 334 25
129 279 226 332 Sed
261 277 387 347 quid
415 276 516 328 hoc
549 278 648 327 est?
710 277 903 328 Videon
931 298 1023 348 ego
1054 284 1236 333 Getam
1265 300 1550 339 currentem

486 345 589 396 huc
609 345 876 395 advenire?

131 423 180 472 Is
214 417 283 470 est
307 415 465 481 ipsus,
503 427 554 462 et
583 415 736 462 timeo
765 415 928 475 miser,
972 434 1129 484 quam
1159 417 1242 470 hic
1266 420 1388 471 mihi
1412 440 1552 474 nunc

486 495 688 531 nuntxet
718 499 836 532 rem.

172 650 242 713 <A
255 670 280 699 c
296 671 327 699 τ
342 670 369 698 υ
386 671 407 700 s
456 653 487 697 1.
563 650 595 698 S
610 666 638 698 c
652 671 676 697 ε
689 668 721 696 N
737 669 761 696 A
807 651 881 697 IV.
970 653 1158 702 GETA.
1201 654 1516 705 ANT1PH0.

683 718 995 780 PHEDmA.)
1304 734 1306 737 ·

127 836 316 884 GETA.
337 834 402 892 4¹)
431 828 621 883 Nullus
643 847 697 879 es
710 831 775 889 4²)
810 833 951 889 Geta,
983 829 1071 879 nifi
1096 832 1195 881 iam
1223 832 1433 902 aliquod
1458 833 1550 884 tibi

488 895 745 947 confilium
768 897 931 947 celere
955 902 1215 965 repereris.
1540 916 1544 920 ’

131 976 208 1019 Ita
240 985 380 1018 nunc
410 967 699 1081 inpar÷l1tum
727 965 891 1015 subito
925 978 1068 1016 tanta
1093 981 1142 1016 te
1172 968 1466 1035 impendent
1484 971 1550 1031 43)

483 1051 565 1082 ma
586 1051 629 1091 a,

128 1110 270 1172 Quae
291 1120 459 1170 neque
477 1103 556 1150 uti
576 1104 642 1164 44)
678 1101 892 1151 devitem
915 1100 1034 1159 scio,
1067 1119 1162 1151 nec
1187 1103 1447 1170 quomodo
1468 1123 1548 1155 me

488 1168 605 1218 inde
642 1168 935 1218 abstraham.
954 1169 1016 1228 45)
1038 1172 1075 1228 *)

127 1244 262 1293 Nam
288 1256 394 1287 non
426 1238 587 1353 pogest
616 1236 768 1287 celari
791 1234 853 1297 4⁶)
903 1238 1073 1287 nostra
1104 1237 1296 1289 diutius
1331 1240 1431 1289 iam
1465 1258 1550 1289 au-

527 1322 650 1362 acm,

85 1389 111 1429 5
127 1380 271 1444 Quae
292 1373 326 1423 fi
350 1391 453 1423 non
475 1374 581 1421 astu
600 1377 662 1432 47)
699 1371 1051 1439 providentur,
1090 1391 1169 1423 me
1199 1388 1296 1438 aut·
1321 1392 1463 1425 erum
1484 1379 1549 1439 48)

485 1439 868 1507 pessumdabunt
897 1445 960 1503 49)

125 1515 281 1563 ANT.
315 1508 571 1576 Quidnam
595 1507 678 1557 ille
697 1511 791 1568 49²³)
825 1522 1110 1559 commotus
1147 1512 1319 1561 venit?

127 1584 222 1629 GE.
265 1574 405 1627 Tum
443 1577 686 1642 temporis
729 1575 850 1624 mihi
895 1593 1169 1642 punctum,
1196 1583 1260 1638 5⁰)
1309 1578 1374 1627 ad
1415 1578 1549 1631 hanc

485 1662 590 1691 rem
610 1646 674 1703 5¹)
709 1646 788 1692 est.
821 1661 950 1712 ‚ems
982 1645 1128 1695 adest.
1216 1649 1374 1695 ANT.
1413 1647 1549 1714 Quid

484 1711 610 1760 illud
630 1715 666 1770 ¹)
700 1709 818 1760 mali
840 1711 941 1760 est?

117 1787 220 1832 GE.
254 1779 404 1846 Quod
436 1797 551 1829 cum
589 1778 816 1835 audierit,
833 1783 895 1838 52)
947 1778 1085 1844 quod
1124 1781 1234 1829 eius
1267 1779 1545 1830 remedium

486 1847 737 1895 inveniam
768 1847 1095 1895 iracundiae?

185 1985 248 2028 41)
276 1981 393 2016 [ecum
413 1978 631 2027 loquebatur
651 1979 696 2014 de
715 1977 796 2014 lese.
851 1982 912 2023 42)
937 1978 1034 2015 nihil
1055 1979 1150 2014 valen
1203 1979 1269 2025 43)
1292 1977 1486 2014 imminent
1503 1978 1548 2015 ti-

232 2038 270 2074 bi
316 2039 382 2081 44)
410 2036 598 2083 quomodo
655 2041 715 2080 45)
742 2035 926 2071 extraham
981 2036 1017 2081 ⁴¹)
1040 2037 1135 2072 edit.
1154 2046 1193 2072 et
1217 2037 1337 2072 Bentl.
1361 2035 1548 2071 extraham

229 2096 295 2140 46)
323 2094 513 2128 dominum
549 2092 707 2127 nostrum
735 2089 1011 2139 Demiphonem
1077 2096 1138 2138 47)
1163 2091 1275 2127 astute
1338 2093 1404 2137 48)
1429 2092 1546 2140 dqmi-

228 2164 317 2187 num
347 2162 467 2184 meum
526 2154 586 2196 49)
611 2162 783 2196 praeceps
812 2148 952 2185 dabunt
1016 2155 1063 2196 49
1075 2156 1109 2191 a)
1139 2149 1234 2184 Geta
1296 2149 1362 2196 50)
1393 2149 1548 2185 breviffi-

226 2221 328 2243 mum
357 2207 512 2253 spatium
577 2210 643 2252 51)
667 2205 859 2242 confilium
888 2205 1142 2255 reperiendum
1197 2207 1236 2252 ⁶)
1257 2208 1348 2243 edic.
1369 2219 1405 2243 ec
1424 2209 1546 2245 Bentl-

227 2265 318 2301 istuc
365 2265 429 2310 52)
448 2277 549 2299 meus
573 2277 665 2299 erus.

247 2402 354 2436 Acm.
381 2402 410 2436 1.
458 2400 596 2435 Scau.
623 2405 658 2444 4.
877 2398 955 2434 dita
997 2395 1138 2431 mione
1188 2396 1289 2444 quod
1334 2401 1549 2443 impendas

168 2471 201 2494 2.
238 2470 349 2494 tanta
366 2473 420 2494 me
441 2459 652 2500 impendent
673 2457 798 2497 mala]
874 2450 1054 2502 nuoq'uam
1108 2451 1195 2487 alibi
1245 2456 1419 2502 reperitur
1478 2457 1549 2496 nifi

124 2514 251 2549 eadem
275 2513 540 2549 constructione
561 2515 674 2549 utitur
694 2512 801 2547 Luci·
877 2522 938 2546 aut
957 2510 1079 2545 dativo
1099 2510 1260 2545 iunctum
1274 2522 1336 2547 aut
1353 2525 1433 2548 cum
1448 2526 1548 2560 prae.

123 2571 197 2605 lius
229 2570 325 2617 apud
357 2571 494 2606 Festum
523 2584 611 2605 voce
636 2582 715 2605 me:
755 2580 795 2604 ιιι
874 2567 1054 2616 politione
1081 2567 1293 2602 accusativo.
1326 2581 1356 2603 v.
1377 2571 1545 2609 Perizon.

125 2641 218 2675 quae
251 2642 310 2663 res
343 2642 398 2663 me
430 2629 616 2670 impendet
644 2638 796 2671 agatur,
875 2625 921 2659 ad
941 2625 977 2660 S.
998 2625 1090 2660 Min.
1113 2626 1173 2665 lll-
1195 2632 1228 2666 5.
1248 2638 1284 2672 p.
1303 2626 1383 2670 416.

125 2685 299 2731 quilocus
320 2682 622 2729 fugitBentleium
644 2683 798 2715 scriben·
921 2690 953 2723 3.
975 2681 1196 2725 extraham]
1246 2681 1270 2714 i.
1295 2694 1324 2718 e.
1341 2681 1548 2729 expediam

124 2750 198 2775 tem
218 2743 258 2776 in
281 2753 337 2777 me
359 2742 570 2785 impendent
599 2742 713 2780 mala,
737 2737 798 2772 ad-
875 2737 1038 2775 liberem.
1063 2740 1102 2773 in
1120 2738 1210 2773 Hec.
1232 2738 1278 2773 V.
1295 2745 1329 2782 4.
1351 2740 1407 2781 36.
