1708 3106
537 197 676 242 Aer.
717 195 771 242 ΙΙ.
843 194 1021 243 Scau.
1056 195 1136 242 111.
1448 216 1540 246 211

60 336 116 378 55
131 327 286 376 Cuius
306 325 370 376 de
389 325 595 377 stultitia
616 326 715 377 dici
737 340 794 376 ut
814 325 1020 392 dignum
1043 327 1114 375 est
1136 345 1240 376 non
1260 329 1449 394 potest?

129 393 277 443 ΡΗΟ.
296 393 361 454 66)
398 401 462 443 At
481 408 537 443 tu
560 396 648 461 qui
666 396 859 461 sapiens
878 413 958 451 es,
991 395 1305 459 magistratus
1336 397 1431 455 adi,

130 461 374 514 Iudicium
427 462 488 511 de
553 462 727 511 eadem
789 463 937 511 causa
992 463 1174 511 iterum
1224 476 1282 512 ut
1332 464 1548 516 reddant

483 528 598 585 tibi,
1055 573 1058 575 .

122 591 553 663 ‘Quandoquidem
572 593 704 646 soius
725 614 931 663 regnas,
966 610 1016 646 et
1039 596 1123 646 soli
1142 595 1260 647 licet
1294 617 1298 621 ·

128 665 228 712 Hic
245 662 307 724 67)
341 664 403 711 de
422 663 593 712 eadem
619 666 766 714 causa
790 665 865 714 bis
886 663 1130 715 iudicium
1151 666 1422 731 adipiscier.

58 739 112 780 60
127 731 284 779 DEM.
312 729 411 780 Etfi
439 731 562 780 mihi
590 732 721 781 facta
750 734 936 782 iniuria
965 733 1051 791 est,
1085 746 1431 783 verumtamen

126 796 303 848 Potius
333 816 487 866 quam
514 798 616 849 litis
646 802 822 858 secter,
854 814 943 850 aut
964 818 1118 867 quam
1149 814 1198 849 te
1227 802 1429 851 audiam
1449 801 1511 865 68)

59 894 63 897 -
131 865 310 914 Itidem
327 866 389 916 ut
409 864 472 927 69)
506 881 722 934 cognata
752 867 786 915 fi
808 866 888 925 fit,
922 867 1140 934 id'quod
1164 867 1244 917 lex
1265 868 1414 918 iubet
1465 923 1473 932 .

128 934 319 997 Dotem
344 933 476 993 dare,
500 937 564 994 7⁰)
597 935 795 985 abduce
821 935 976 994 hanc,
1014 937 1176 985 minas
1206 937 1437 1005 quinque
1465 956 1544 989 ac·

480 1020 523 1052 ci
563 1020 603 1052 e.

126 1066 275 1117 ΡΗΟ.
294 1074 355 1131 7¹)
382 1073 477 1128 Ha,
502 1021 582 1128 hg,
613 1068 688 1119 he.
717 1069 869 1120 homo
891 1070 1065 1120 suavis.
1114 1071 1277 1120 DEM.
1301 1071 1423 1139 quid
1443 1075 1542 1123 est?

53 1156 59 1162 ·
478 1140 617 1187 Num
641 1139 871 1205 iniquum
897 1137 1126 1203 postulo?
1302 1146 1309 1152 ’

55 1211 108 1254 65
122 1207 265 1251 Anne
285 1201 384 1253 hoc
404 1221 496 1269 ego
516 1205 758 1271 adipiscar
778 1207 917 1271 quod
935 1203 1020 1254 ius
1039 1205 1303 1272 publicum
1322 1210 1385 1266 7²)
1417 1209 1486 1257 est

80 1300 83 1303 -
121 1271 266 1322 ΡΗΟ.
293 1272 434 1319 Itane
465 1271 666 1319 tandem
698 1273 883 1338 quaeso
911 1273 1029 1320 item
1054 1286 1113 1322 ut
1133 1279 1193 1334 73)
1226 1277 1538 1325 meretricem

360 1349 370 1397 j
477 1338 566 1386 ubi
588 1341 651 1396 74)
683 1340 867 1387 abusus
897 1337 957 1387 fis

123 1403 406 1451 Mercedem
429 1405 548 1453 dare
579 1405 660 1454 lex
687 1406 830 1454 iubet
852 1407 919 1463 ei,
955 1418 1111 1471 atque
1138 1408 1401 1456 amittere?
1435 1426 1503 1457 au

126 1474 197 1518 Ut
214 1489 276 1518 ne
296 1471 421 1536 quid
444 1473 568 1521 civis
590 1486 739 1537 turpe
758 1475 811 1520 in
833 1474 878 1520 se
898 1474 1149 1521 amitteret

122 1540 335 1602 Propter
363 1541 647 1603 egestatem,
689 1541 919 1606 proximo
941 1540 1063 1588 iussa
1093 1541 1160 1589 est
1182 1540 1303 1599 dari,

55 1627 108 1663 70
122 1609 190 1653 Ut
206 1607 321 1654 cum
343 1624 447 1654 uno
471 1608 534 1666 7⁵)
569 1621 783 1656 aetatem
803 1607 1003 1673 degeret
1023 1608 1162 1675 quod
1180 1622 1239 1657 tu
1260 1623 1400 1659 vetas
1413 1614 1437 1658 ’ἓ

109 1745 150 1774 ‘³
179 1749 246 1797 66)
269 1751 436 1799 yronicos
482 1754 548 1799 67)
571 1754 609 1788 in
628 1752 698 1789 hac
718 1753 863 1789 civitate
907 1755 973 1800 68)
999 1754 1062 1801 qui
1082 1766 1140 1788 me
1165 1753 1321 1789 hortaris
1352 1755 1397 1789 ad
1426 1757 1539 1803 magi-

224 1806 371 1842 ssntum
393 1809 445 1843 ire
489 1811 550 1856 69)
579 1810 679 1858 quasi
724 1811 791 1856 70)
816 1812 1037 1858 praecipiam
1058 1811 1143 1845 dare
1162 1811 1230 1845 tibi
1278 1813 1342 1858 71)
1369 1814 1536 1859 yronicos

228 1865 292 1909 72)
318 1864 419 1911 quod
446 1865 506 1900 lex
527 1866 673 1914 publica
694 1865 809 1913 poscit
835 1867 860 1901 i.
882 1880 914 1901 e.
943 1868 1074 1904 iustum
1105 1867 1285 1903 iudicium
1331 1874 1389 1915 73)
1414 1869 1539 1906 fimili·

225 1929 281 1956 ter
306 1920 405 1968 quafi
450 1923 515 1968 74)
538 1924 728 1972 postquam
783 1925 847 1969 75)
870 1922 1006 1960 scilicet
1029 1925 1118 1962 viro.

165 2097 224 2132 58.
239 2090 347 2131 λδὶιω·
369 2089 533 2136 regnas]
589 2089 614 2128 i.
640 2104 670 2124 e.
692 2090 787 2126 solus

121 2157 196 2181 um
216 2144 342 2193 potens
362 2159 418 2184 es,
445 2156 501 2180 -ut
518 2146 585 2181 tibi
614 2147 720 2182 liceat
738 2148 790 2182 fa·

866 2090 959 2125 cives
977 2091 1146 2136 pertinet,
1170 2103 1250 2128 nec.
1276 2102 1316 2126 ut
1333 2091 1413 2127 aliis
1430 2093 1535 2135 loeis.

866 2146 1064 2192 opponitur
1101 2147 1169 2180 iuri
1200 2147 1348 2193 privato.
1380 2150 1458 2183 Cic.
1488 2151 1535 2185 de

124 2216 202 2237 cere
227 2201 439 2249 quaelubet
463 2201 501 2235 in
523 2201 589 2236 Ad.
609 2203 652 2236 11.
677 2215 706 2236 1.
730 2215 787 2236 αι.

151 2259 225 2300 '63.
249 2260 397 2302 accipe]
444 2256 580 2291 scilicet
596 2258 634 2291 in
652 2254 789 2293 dotem.

122 2316 268 2350 petron.
296 2327 327 2348 c.
351 2320 405 2357 74.
423 2316 630 2359 sestertium
653 2318 790 2350 cencies

125 2373 290 2412 accipere
307 2372 450 2414 poteris
467 2368 542 2404 scil.
562 2370 599 2403 in
617 2369 741 2404 dotem
759 2382 791 2404 v.

124 2427 246 2461 Burm.
265 2440 301 2472 p.
318 2433 402 2469 480.
467 2472 471 2474 λ

172 2484 227 2524 64.
248 2482 353 2517 homo
364 2481 524 2525 suavis]
559 2481 584 2514 i:
600 2493 635 2515 e.
651 2480 792 2516 stultus.

127 2533 188 2568 sic
211 2535 343 2568 Graeci
361 2535 497 2569 fatuum
516 2532 602 2579 ήδυν
612 2538 791 2591 εεγλωιυν

126 2588 263 2622 dicunt.
287 2601 319 2621 v.
338 2601 429 2635 quae
450 2591 651 2624 notavimm
671 2591 719 2625 ad
729 2592 792 2626 Ti-

124 2645 220 2679 maei
240 2645 344 2679 lexic.
365 2645 539 2680 Platonic·
565 2659 601 2691 p.
618 2655 675 2690 95.

171 2702 238 2742 65..
255 2705 314 2736 ius
341 2701 551 2745 publicum]
606 2700 680 2735 hoc
706 2701 789 2737 loco

126 2756 175 2792 est
194 2757 248 2792 iu·
262 2766 464 2797 commune.
486 2756 582 2804 quod
601 2757 647 2791 ad
665 2771 788 2795 omnes

866 2201 978 2236 Offic.
997 2203 1026 2235 I.
1051 2207 1102 2247 1‘9.
1117 2217 1240 2251 -neque
1268 2205 1536 2250 dt'fiteptaetbne

865 2261 972 2292 vinci
981 2261 1023 2303 se
1042 2271 1108 2293 nec
1118 2261 1196 2294 ullo
1213 2261 1361 2302 publico
1380 2275 1425 2301 ac
1441 2266 1536 2311 legi-

866 2316 956 2349 timo
983 2317 1067 2350 iare
1088 2318 1298 2359 patiamur.
1339 2316 1440 2352 Idem
1468 2333 1533 2364 pro

867 2369 991 2403 Domo
1018 2382 1049 2403 c.
1085 2379 1135 2412 ¹3-
1163 2372 1332 2418 intelligit
1358 2375 1462 2408 civile
1479 2375 1535 2409 vel

867 2424 1057 2471 privatum.
1131 2430 1235 2475 Nego
1267 2433 1424 2478 pocuzſji·
1455 2435 1536 2467 iure

866 2482 1031 2523 publico.
1064 2484 1207 2530 legibus
1229 2489 1279 2521 iis
1298 2489 1430 2535 quibus
1448 2488 1538 2524 haee

868 2550 1008 2572 clvllsss
1031 2551 1161 2578 fluent,
1188 2556 1399 2591 quemquam
1417 2547 1536 2581 Civem

867 2594 946 2628 ulla
974 2597 1159 2631 eiusmodi
1183 2602 1400 2635 calamitate
1426 2602 1537 2646 affici

857 2649 944 2693 sine
957 2652 1118 2686 iudicio.
1149 2666 1180 2687 v.
1207 2655 1349 2691 Duker.
1380 2655 1427 2689 ad
1454 2657 1535 2691 Liv.

865 2705 976 2741 XLV.
1002 2715 1055 2747 18.
1080 2717 1116 2742 et
1133 2709 1267 2747 Ernest.
1292 2712 1332 2746 in
1356 2711 1455 2747 clave
1476 2712 1535 2748 Ci-

866 2774 934 2799 cer.
958 2774 999 2796 vo
1005 2775 1043 2796 ce
1062 2767 1133 2799 ius.

1290 2829 1396 2874 02
