1708 3106
178 135 270 182 162
721 128 1042 179 HECYRA.

170 270 265 317 BA.
287 263 508 316 Ancillas
541 262 676 344 dedo
700 263 933 331 quolibet
961 269 1019 329 ¹9)
1041 267 1080 328 *)
1121 264 1356 316 cruciatu
1388 282 1481 333 per
1508 284 1598 317 me·

171 405 312 454 Licet
334 403 399 463 **>
426 351 753 452 ὴαεὲἶὲἓιὶξῗέ
776 402 953 468 agitur.
1022 399 1282 468 Pamphilo
1315 420 1396 452 me
1429 401 1596 453 Facere

532 483 590 518 ut
612 469 785 518 redeat
804 488 936 519 uxor
1164 515 1166 517 .

173 542 396 605 Oportet.
431 538 582 605 Quod
600 536 639 595 si
670 536 904 603 perficio,
939 555 1043 587 non
1064 538 1294 604 poenitet
1322 555 1402 587 me
1420 537 1595 587 famae.

105 631 155 660 ιο
170 607 339 659 Solam
362 608 519 657 fecisse
540 605 590 654 id
614 606 755 673 quod
777 605 908 655 aliae
931 608 1218 655 meretrices
1239 611 1299 668 ²⁰)
1334 606 1499 656 facere
1521 606 1596 656 fu-

565 687 704 722 ltflsst·

169 748 267 794 LA.
297 693 562 808 Phidippeg,
577 747 638 857 21¹)
681 742 872 792 nostras
906 739 1144 791 mulieres
1180 742 1427 810 suspectas
1458 741 1596 790 fuisse

535 810 581 858 fa
603 811 652 859 so

172 878 338 932 Nobis
367 879 422 928 in
452 896 506 928 re
537 879 639 945 ipsa
672 876 982 935 invenimus,
1019 895 1178 944 porro
1207 876 1341 928 hanc
1362 881 1422 939 ²²)
1458 893 1598 928 nunc

534 947 861 1012 experiamur.

175 1019 310 1069 Nam
335 1014 369 1064 fi
400 1014 700 1082 compererit
726 1013 923 1063 crimini
953 1025 1044 1062 tua
1063 1013 1111 1062 se
1142 1030 1275 1063 uxor
1295 1011 1413 1062 falso
1443 1011 1600 1063 credi-

254 1133 260 1136 .
534 1082 673 1141 disse,

175 1153 369 1203 Missam
391 1153 517 1201 iram
537 1150 697 1200 faciet.
764 1149 851 1199 Sin
871 1162 1040 1198 autem
1061 1149 1130 1198 est
1153 1147 1219 1199 ob
1243 1147 1356 1199 eam
1380 1166 1487 1198 rem
1507 1149 1601 1197 ira-

532 1232 616 1267 tus
686 1230 835 1266 natus
1115 1266 1119 1270 ,

107 1288 321 1357 15Quod
341 1288 594 1356 pepererit
621 1236 681 1345 *ξ
697 1303 828 1334 uxor
858 1284 1011 1343 clam,
1040 1283 1092 1334 id
1121 1283 1230 1336 leve
1252 1285 1332 1335 est.
1398 1284 1510 1334 Cito
1533 1282 1599 1334 ab

533 1373 593 1403 eo
615 1353 742 1403 haec
770 1355 845 1401 ira
876 1351 1118 1410 abscedet,

171 1425 405 1476 Profecto
437 1424 491 1472 in
520 1423 616 1473 hac
647 1441 702 1471 re
733 1420 857 1470 nihil
885 1419 1006 1470 mali
1038 1421 1108 1470 est
1135 1419 1279 1489 quod
1310 1417 1370 1470 fit
1395 1416 1600 1472 discidio

533 1491 751 1540 dimum.
1090 1531 1093 1533 .
1652 1498 1656 1502 '

171 1563 289 1612 ΡΗΙ.
331 1548 491 1610 Velim
533 1533 739 1626 quidem
787 1556 966 1607 hercle.
1043 1561 1135 1606 LA.
1177 1555 1398 1624 Exquire
1439 1553 1600 1616 adest;

536 1626 679 1693 quod
700 1627 815 1675 satis
846 1624 903 1674 fit
924 1630 984 1686 23)
1019 1625 1172 1675 faciet
1196 1626 1313 1692 ipsa.

171 1702 269 1748 BA.
300 1698 514 1747 Faciam.
550 1694 596 1754 ²¹³)
665 1698 787 1743 ΡΗΙ.
831 1693 967 1759 Quid
1000 1695 1069 1741 mi
1100 1693 1252 1742 istaec
1282 1690 1493 1741 narras?
1533 1709 1600 1742 an

536 1764 658 1831 quia
676 1780 781 1811 non
799 1775 906 1810 tute
926 1762 1033 1828 ipse
1050 1760 1243 1809 dudum
1267 1759 1450 1809 audisti
1632 1771 1639 1777 ’

235 1876 297 1922 ι9)
315 1886 388 1922 quo
407 1872 508 1907 lubet
552 1872 589 1918 ⁸)
607 1874 699 1909 edit.
721 1886 794 1920 quo
815 1871 917 1906 lubet
965 1869 1023 1916 ⁰)
1047 1872 1138 1906 edic.
1159 1885 1230 1906 om.
1250 1869 1337 1904 licet
1351 1855 1462 1915 ’pr-ob.
1478 1871 1600 1908 Bencl.

278 1936 342 1971 20)
376 1940 418 1965 ut
446 1928 517 1964 suis
556 1928 778 1965 amatoribus
816 1940 944 1963 uxores
983 1927 1185 1964 concilient
1256 1927 1322 1972 αι)
1363 1939 1386 1962 o
1414 1927 1600 1977 Phidippo

279 1989 346 2032 22)
372 1985 574 2038 Bachidem
629 1987 660 2029 ⁸)
684 1988 777 2024 edic.
809 1999 847 2024 et
866 1988 988 2024 Benel.
1011 1985 1156 2034 peperit
1230 1988 1291 2027 23)
1314 1982 1427 2021 f⁸ci⁸t
1456 1986 1491 2022 ei
1516 1986 1600 2023 sitit

279 2045 310 2087 ⁴)
334 2045 425 2080 edic.
444 2057 516 2080 om.

218 2183 251 2215 7.
302 2170 474 2207 Ancillas
519 2171 639 2213 dedo]
710 2167 849 2207 scilicet
975 2175 1027 2211 ¹3·
1066 2167 1218 2203 erimina·
1241 2166 1372 2213 falsb]
1429 2166 1598 2204 meliores

160 2226 389 2274 quaestioni.
923 2224 1009 2260 libri
1029 2234 1124 2260 recte
1146 2224 1451 2268 omittuntfalso.
1498 2224 1599 2259 Nam

215 2294 250 2329 9·
290 2299 367 2320 non
400 2286 566 2328 poenitet
599 2298 654 2319 me
687 2283 845 2329 famae]
925 2282 1062 2318 crimen
1100 2293 1164 2328 per
1198 2279 1233 2314 se
1265 2278 1377 2315 habet
1408 2281 1599 2317 notionem

170 2338 195 2373 i.
217 2352 250 2376 e.
273 2351 446 2375 contenta
469 2353 530 2375 ero
559 2339 657 2374 fama
676 2353 768 2381 mea,
794 2339 846 2375 sa·
921 2339 1012 2375 falfi.
1035 2352 1067 2374 v.
1087 2339 1226 2373 Donat.
1257 2347 1293 2372 et
1309 2337 1428 2373 Bentl.
1448 2338 1495 2373 nd
1512 2338 1551 2374 h.
1571 2339 1597 2374 l.

169 2392 216 2431 tis
245 2408 417 2443 magnum
453 2410 588 2432 nomen
618 2397 713 2432 mihi
742 2409 846 2445 pan·
920 2396 1074 2432 Ponitur
1101 2395 1199 2430 enirn
1222 2396 1361 2431 crimen
1390 2407 1458 2442 pro
1479 2396 1599 2431 crimi-

168 2465 264 2488 vero.
338 2456 419 2490 Hoc
446 2454 624 2502 loquendi
652 2468 766 2502 genus
790 2453 845 2490 su·
920 2454 1083 2489 natione.
1103 2453 1231 2500 Nepos
1261 2451 1300 2486 in
1319 2451 1487 2499 Epamin.
1508 2465 1540 2488 c.
1560 2461 1596 2496 3.

167 2504 234 2557 pra
259 2509 527 2546 illustravimus.
583 2553 586 2556 Δ
863 2516 868 2519 “
921 2525 1004 2547 cum
1036 2509 1254 2547 criminibus
1293 2512 1597 2558 adversariorum

220 2578 271 2603 12.
305 2566 400 2603 hanc
433 2569 698 2614 eaeperiamur]
755 2568 781 2602 ἱ.
810 2580 842 2603 e.
919 2582 1046 2604 omnes
1074 2569 1116 2604 in
1144 2569 1331 2604 invidiam
1348 2569 1542 2615 vetusti-nc·
1561 2563 1603 2600 v(

165 2622 311 2659 u‘tamur
340 2637 449 2670 opera
476 2626 573 2665 eius,
608 2637 648 2662 ut
673 2626 766 2660 bene
786 2638 844 2660 ex·
919 2623 1111 2659 Drakenb.
1138 2623 1184 2658 ad
1203 2625 1280 2660 Liv.
1301 2626 1364 2661 VI.
1391 2632 1444 2667 15.

165 2680 279 2727 plicat
294 2680 474 2716 Donatus.
496 2682 611 2717 Plaut.
631 2682 669 2716 in
687 2683 840 2717 Mercat.
971 2693 1022 2725 ¹7·
1052 2682 1262 2728 quodsatis
1273 2681 1356 2729 fit]
1395 2675 1531 2717 scilicet
1549 2676 1594 2717 ΙΙΙ

163 2737 228 2773 IV.
247 2742 282 2783 4.
302 2748 359 2783 ²9·
380 2740 451 2774 vin
476 2752 531 2775 me
548 2741 770 2785 experirier.
917 2738 1186 2785 purgationem.
