1708 3106
167 194 292 243 ‘⁴156
724 189 1059 238 HECYRA.

188 326 364 378 Reduc
388 308 618 440 uxoreg'i,
639 333 742 434 4'aut
763 342 917 391 quam
939 322 1006 373 ob
1029 340 1132 372 rem
1155 339 1262 373 non
1286 338 1416 388 opus
1449 319 1509 371 fit
1532 338 1607 373 ce·

585 410 615 440 o
664 402 682 435 7
1429 413 1433 418 ,

188 466 342 514 PAM.
373 464 422 512 N
427 479 495 511 on
515 462 586 509 est
604 396 743 508 nube
765 473 978 525 tempus.
997 461 1060 521 48)
1124 463 1218 508 LA.
1235 458 1453 508 Puerum
1474 456 1608 508 acci-

546 529 672 595 pias.
715 530 849 577 Nam
868 530 913 576 is
934 528 999 587 49)
1033 525 1240 594 quidem

192 605 246 648 In
268 597 420 664 culpa
440 614 543 646 non
564 597 652 653 est,
693 596 801 661 post
821 595 882 643 de
909 608 1066 644 matre
1085 594 1271 644 videro.
1551 626 1555 628 v

189 667 337 718 PAM.
358 672 422 727 50)
442 663 686 780 Οιῐιιῗίζωε
707 662 871 713 modis
891 664 1035 712 miser
1054 664 1173 722 sum,
1195 680 1290 713 nec
1312 660 1439 729 quid
1463 677 1611 728 agam

129 774 133 778 .
570 749 660 780 010.

121 815 174 856 80
189 809 296 853 Tot
316 820 394 852 me
415 816 556 850 nunc
578 798 731 848 rebus
755 799 981 847 miserum
1005 796 1268 849 concludit
1283 809 1439 864 pater.

189 871 357 923 Abibo
372 870 515 927 hinc,
546 867 776 933 praesens
796 865 1010 934 quando·
1028 872 1089 930 5¹)
1127 882 1403 934 promoveo
1420 865 1484 925 ⁵²)
1526 879 1614 932 pa·a

546 953 672 984 rum.

192 1014 323 1061 Nam
346 1022 565 1075 puerum
585 1002 761 1061 iniussu
782 1000 933 1051 credo
962 1019 1068 1050 non
1089 999 1267 1050 tollent
1283 1002 1349 1060 53)
1382 1017 1511 1058 meo,

188 1077 478 1128 Praesertim
499 1073 552 1121 in
573 1088 633 1120 ea
651 1087 705 1119 re
725 1087 842 1119 curn
867 1068 924 1117 fit
944 1068 1066 1117 mihi
1091 1068 1310 1118 adiutrix
1330 1069 1514 1117 socrus.

193 1151 284 1194 LA.
322 1144 486 1208 Fugis.
533 1138 669 1253 heirkul..
684 1155 804 1233 ³nec
850 1138 1129 1204 quicquam
1181 1132 1306 1187 ceiti
1337 1133 1611 1202 respondes

551 1225 619 1255 rm
657 1225 697 1254 1.

121 1293 175 1335 85
189 1286 325 1333 Num
349 1278 441 1328 tibi
462 1274 525 1334 54)
560 1273 761 1324 videtur
779 1272 870 1320 esse
896 1269 1035 1338 apud
1054 1271 1180 1320 sese?
1209 1271 1327 1322 Sine
1618 1298 1625 1307 2

192 1348 460 1414 Phidippe,
490 1359 705 1411 puerum
740 1339 864 1388 mihi
896 1338 1032 1389 cedo.
1058 1345 1119 1404 ⁵5)
1157 1357 1250 1407 ego
1283 1338 1427 1389 alam.
1491 1340 1611 1387 PHI.

551 1410 773 1459 Maxime
786 1427 797 1467 ;
1352 1428 1354 1430 ’

194 1490 316 1539 Non
335 1484 518 1532 mirum
540 1477 601 1596 ἐξ)
636 1477 705 1585 (ἷζε
725 1482 787 1541 57)
810 1473 852 1539 *)
886 1494 1017 1526 uxor
1037 1493 1150 1525 mea
1176 1473 1213 1524 fi
1241 1473 1343 1526 hoc
1367 1491 1512 1542 aegre
1533 1486 1611 1522 tu-

570 1561 617 1595 it.
1483 1579 1487 1582 -
1552 1584 1560 1591 .

193 1632 405 1672 Amarae
426 1615 659 1666 mulieres
685 1550 807 1660 iunt.
874 1614 991 1661 Non
1017 1609 1160 1661 facile
1180 1609 1306 1660 haec
1335 1611 1518 1660 ferunt.

191 1696 464 1755 Propterea
484 1683 614 1798 hage
633 1681 710 1781 {ic-‚a
732 1680 810 1728 est.
833 1681 897 1739 59)
974 1682 1106 1729 Nam
1139 1679 1243 1749 ipsa
1271 1678 1497 1730 narravit
1523 1679 1617 1730 mi-

587 1768 615 1797 1.

123 1852 175 1892 90
189 1825 247 1874 Id
265 1841 357 1889 ego
380 1821 479 1869 hoc
499 1753 755 1884 praesetite
782 1812 875 1862 tibi
895 1812 1158 1862 nolueram
1175 1811 1219 1875 *)
1255 1812 1418 1863 dicere

192 1897 375 1958 Neque
396 1884 542 1945 illi51)
565 1881 831 1934 credebam
854 1881 1030 1948 primo,
1052 1898 1190 1930 nunc
1208 1898 1327 1931 vero
1349 1880 1515 1948 palam
1529 1883 1607 1933 est.

189 1965 324 2012 Nam
355 1956 564 2006 omnino
592 1950 859 2028 abborrere
886 1946 948 2011 62)
995 1950 1218 1998 animum
1249 1946 1370 1999 huic
1399 1948 1546 2001 v'ideo
1577 1969 1610 2002 a

551 2032 755 2088 nuptus.

208 2189 210 2192 .
252 2159 319 2206 47)
362 2156 422 2192 dic
486 2157 547 2198 43)
584 2150 733 2188 dicendi
793 2151 859 2196 49)
895 2164 988 2196 puer
1051 2150 1118 2196 50)
1151 2149 1270 2186 secum
1333 2152 1399 2196 ’51)
1429 2140 1608 2200 siquidem

298 2215 363 2260 52)
397 2211 550 2261 proficio
577 2210 617 2245 in
642 2221 723 2246 mea
750 2208 891 2243 ratione
959 2210 1019 2250 53)
1052 2207 1214 2243 nutrient
1251 2220 1310 2243 me
1344 2221 1419 2243 non
1459 2208 1609 2246 iubente
1643 2203 1647 2208 ’

297 2273 362 2316 54)
407 2283 429 2305 o
465 2267 648 2315 Phidippe
712 2266 777 2312 55)
809 2263 975 2299 concede·
1033 2265 1093 2306 56)
1127 2264 1281 2300 multum
1353 2269 1413 2310 57)
1447 2265 1493 2300 al.
1520 2266 1610 2302 fecit

295 2329 328 2369 ’)
351 2328 441 2363 edic.
463 2325 549 2360 fecit
582 2325 649 2370 58)
670 2323 826 2371 ineptias
847 2321 945 2356 istius
967 2331 1003 2356 et
1019 2320 1188 2357 duritiam
1227 2323 1291 2367 59)
1311 2322 1397 2370 quia
1410 2332 1484 2358 tam
1497 2321 1608 2359 durus

296 2385 347 2420 est
366 2383 577 2428 Pamphilus
625 2381 692 2426 60)
715 2392 806 2415 uxor
825 2391 906 2414 mea
960 2380 990 2421 ⁶)
1014 2381 1105 2418 edic.
1129 2376 1298 2413 nolebam
1316 2379 1474 2425 improb.
1485 2381 1607 2417 Βηηι,

298 2441 363 2485 6ι)
387 2439 490 2474 uxori
537 2439 602 2483 62)
622 2436 794 2487 separate.

237 2572 293 2611 78.
338 2564 384 2599 de
411 2574 530 2599 matre
559 2561 718 2606 videro]
790 2559 863 2595 hoe
984 2569 1042 2604 80.
1076 2559 1289 2604 concludit]
1353 2558 1378 2592 i.
1406 2557 1607 2606 amnuit.

191 2620 368 2668 loquendi
382 2620 492 2656 modo
504 2619 752 2665 fignificamus‚
772 2630 865 2652 non·
939 2628 1052 2664 urget.
1066 2617 1245 2664 Quinctil.
1256 2615 1398 2651 declam
1414 2619 1465 2660 14.
1478 2623 1608 2663 p.298.

192 2678 280 2712 dum
299 2677 405 2712 nobis
418 2677 651 2713 constitutum
664 2688 705 2711 ac
726 2686 862 2711 certum
940 2674 1003 2709 ubi
1021 2687 1054 2712 v.
1071 2674 1274 2720 Schulting.
1607 2718 1615 2723 .

193 2733 284 2773 esse,
318 2734 418 2782 quod
450 2736 572 2782 aliqua
600 2732 647 2769 de
675 2745 712 2769 re
736 2731 864 2769 [entie—
986 2740 1043 2774 88.
1082 2736 1243 2768 Amarae
1266 2731 1379 2778 sunt]
1426 2729 1452 2767 i.
1478 2742 1512 2763 ο.
1541 2728 1610 2763 in-

191 2803 285 2827 mus.
940 2787 1102 2828 [cuntur.
1145 2786 1305 2824 intensae
1345 2786 1438 2824 [unt.
1470 2785 1610 2822 Seneca
