1708 3106
207 163 324 220 ,144-
755 156 1086 207 HECYRA.

131 306 186 355 4ο
202 294 421 361 Quicum
444 295 485 356 ¹⁸)
505 293 571 353 84)
603 304 682 343 tot
700 292 973 342 consuesset
993 310 1171 353 annos,
1204 310 1312 344 non
1330 312 1449 345 eum
1473 293 1631 346 homi·

562 378 676 409 nem
701 364 762 420 85)
801 359 1060 419 ducerem,
1081 359 1145 423 86)

200 431 311 479 Nec
332 430 497 480 virum
521 434 582 492 87)
617 428 733 476 satis
764 425 963 477 firmum
985 443 1191 493 gnatae.
1200 435 1261 491 88)
1327 432 1480 480 MYR.
1513 432 1629 499 Mit-

565 511 615 545 te
636 498 700 555 89)
737 494 1096 546 adolescentem
1121 497 1349 557 obsecro,

193 563 264 630 ,Et
280 569 342 628 9⁰)
382 583 517 632 quae
538 582 618 613 me
641 564 862 629 peccasse
883 566 970 615 ais.
1007 563 1105 614 Abi
1131 565 1289 626 solus,
1311 569 1353 630 *)
1388 565 1550 617 solum
1565 569 1630 628 9¹)

560 632 787 681 conveni.

191 701 345 767 Roga,
374 699 558 751 velitne
581 717 789 748 uxorem
817 715 1003 749 annon.
1037 701 1091 749 Si
1110 701 1180 751 est
1199 714 1259 749 ut
1281 699 1418 751 dicat
1434 701 1559 757 velle
1581 703 1627 751 se

193 767 377 832 Redde.
442 769 531 818 Sin
564 780 732 816 autem
763 767 831 815 est
863 782 923 816 ut
958 766 1108 827 nolit,
1150 781 1288 819 recte
1307 770 1347 829 ¹)
1393 768 1626 820 consului

557 853 711 884 meae.
733 840 795 896 9²)

123 914 181 966 45
195 907 295 954 PH.
316 905 369 954 Si
390 901 593 970 quidem
619 902 703 952 ille
724 920 827 952 non
845 900 969 961 vult,
979 906 1043 964 93)
1064 916 1115 953 et
1132 897 1188 953 tu
1209 902 1384 954 sensisti
1409 907 1462 954 in
1485 923 1546 956 eo
1556 903 1626 969 94)

556 971 648 1020 esse
671 984 939 1038 peccatum
959 973 1026 1030 9⁵)

197 1044 288 1105 My
278 1037 479 1097 wnhina,
494 1040 532 1099 *)
552 1040 698 1088 cuius
719 1037 924 1088 confilio
940 1037 1106 1088 fuerat
1125 1055 1185 1087 ea
1201 1056 1296 1105 par
1314 1041 1541 1107 prospici.
1560 1038 1624 1102 96)

194 1106 537 1176 Quamobrem
554 1106 832 1156 incendor
820 1124 909 1164 ira,
932 1119 982 1155 te
1003 1107 1097 1156 esse
1119 1107 1289 1156 ausam
1310 1107 1475 1158 facere
1495 1107 1624 1158 haec

554 1175 738 1223 iniussu
759 1192 871 1223 meo
890 1179 953 1234 97)

192 1242 444 1294 Interdico
472 1247 534 1304 98)
578 1259 643 1292 ne
674 1241 895 1291 extulisse
925 1245 1017 1302 99)
1035 1254 1179 1291 extra
1221 1240 1371 1293 aedes
1402 1259 1624 1309 puerum

550 1327 774 1377 usquam
800 1309 938 1359 velis.

189 1379 289 1430 Sed
315 1384 350 1441 ¹)
386 1395 479 1445 ego
506 1377 702 1426 stultior
733 1378 855 1426 meis
886 1376 1034 1427 dictis
1063 1394 1241 1444 parere
1268 1379 1333 1437 ¹⁸)
1361 1373 1497 1427 hanc
1529 1377 1623 1445 qui

544 1444 802 1512 postulem.

117 1515 276 1568 501b0
310 1517 446 1564 intro
482 1528 637 1579 atque
675 1514 870 1563 edicam
901 1516 1052 1566 servis
1080 1531 1146 1563 ne
1167 1529 1432 1582 quoquam
1455 1512 1620 1563 efferri

552 1580 718 1629 sinant
740 1588 780 1641 2)

186 1652 342 1700 MYR.
376 1648 588 1700 Nullam
619 1647 708 1713 pol
730 1647 884 1699 credo
919 1648 1182 1699 mulierem
1210 1666 1290 1698 me
1317 1647 1620 1725 miseriorem

545 1717 724 1767 vivere

244 1850 281 1897 *)
309 1851 401 1886 edic.
424 1861 581 1896 quacum
649 1850 710 1892 84)
737 1860 822 1882 cum
852 1860 925 1895 qua
980 1849 1047 1894 85)
1081 1859 1183 1883 verae
1212 1846 1299 1882 fidei
1353 1846 1415 1891 86)
1456 1845 1620 1884 aestima·
1652 1865 1655 1868 ·

289 1905 499 2009 ξίῗᾲηῖῑῖἷε
513 1904 677 2003 ᾱὶῗῗὲἔῖ.
690 1906 843 2008 disti-312.
861 1915 1038 2006 '2²:2¹3
1092 1908 1160 2007 9⁸?ss
1181 1904 1446 2008 12'522‘323211ufi19)
1466 1916 1617 2004 *ζ’ῗὲἶ

292 2020 384 2054 add.
407 2030 472 2063 ego
494 2019 652 2061 improb.
667 2019 787 2053 Benel.
829 2021 890 2064 92)
913 2018 1009 2052 filiae
1027 2016 1237 2052 reducendo
1257 2017 1303 2052 ad
1320 2031 1379 2054 me
1414 2024 1475 2066 93)
1492 2020 1616 2056 noluit

292 2079 357 2122 94)
380 2075 575 2122 Pamphilo
623 2079 683 2120 95)
709 2074 854 2121 culpam
898 2075 931 2119 ')
954 2077 1047 2111 edic.
1065 2076 1156 2110 add.
1177 2073 1323 2109 aderam
1379 2077 1440 2122 96)
1466 2075 1615 2111 aderam

297 2143 366 2177 ego
388 2130 552 2178 praesens
575 2144 622 2165 ne
641 2130 767 2165 fierent
811 2135 872 2177 97)
888 2129 963 2167 fine
982 2131 1136 2166 iuffione
1155 2143 1236 2166 mea
1282 2133 1341 2177 98)
1363 2132 1432 2167 tihi
1477 2137 1538 2180 99)
1556 2146 1615 2168 ex·
1639 2167 1646 2175 N

286 2188 422 2235 pellere
451 2192 483 2230 ι)
501 2187 621 2224 [ecum
650 2201 663 2223 1
678 2192 712 2230 a)
732 2188 980 2237 obtemperare
1003 2190 1045 2235 2)
1065 2187 1202 2223 etiamsi
1219 2186 1294 2235 ipsa
1313 2187 1398 2224 velit
1420 2188 1612 2236 expellere·
1678 2196 1686 2199 ’

222 2360 399 2406 ’4ι.]ἀιίε
416 2359 598 2404 firmum]
649 2358 674 2393 i.
707 2372 739 2393 e.
770 2357 855 2393 satis
935 2358 1048 2394 melle.
1070 2357 1213 2392 Luci-et.
1241 2357 1288 2392 11.
1316 2356 1398 2402 640.
1420 2369 1465 2393 -ut
1493 2360 1614 2396 armis
1670 2386 1674 2391 ·

181 2415 391 2451 constanter.
452 2417 513 2450 Sic
520 2418 661 2461 firmae
687 2420 857 2461 nuptiae.
938 2419 992 2450 Ac
1022 2418 1167 2452 virtute
1200 2416 1323 2451 velint
1355 2418 1523 2463 patriam
1544 2416 1611 2452 de-

178 2472 283 2518 supra
315 2474 342 2506 1.
371 2485 403 2506 2.
434 2474 491 2507 26.
538 2472 711 2509 Ridicule
732 2474 858 2507 Dona·
923 2471 1085 2515 semler-e
1102 2484 1241 2508 ter-ram
1255 2471 1280 2505 i.
1295 2484 1328 2506 e.
1339 2481 1380 2507 ut
1395 2471 1612 2508 defendanta

178 2538 236 2563 tus
255 2531 413 2574 firmum
449 2531 619 2577 exponit,
654 2543 762 2577 quem
801 2541 856 2564 res
935 2528 1046 2564 ovid.
1066 2529 1216 2564 Metam.
1237 2530 1284 2567 ΙΙ.
1303 2533 1380 2573 745.
1398 2540 1439 2565 tu
1461 2540 1614 2565 tantam

176 2584 365 2620 venereae
385 2599 458 2619 nou
480 2597 661 2620 moveant.
924 2586 1157 2632 fidasbrori
1173 2588 1360 2633 eſj‘evelz’s.
1383 2597 1416 2620 v.
1440 2583 1609 2620 Gadium

223 2648 281 2686 48.
321 2658 365 2677 ηε
391 2646 566 2690 extulisse
590 2643 712 2686 velis]
758 2641 796 2675 h.
824 2654 855 2675 e.
934 2642 1100 2690 aliosque
1128 2642 1340 2690 interpretes
1374 2642 1422 2677 nd
1450 2639 1608 2693 Phaedn,

177 2708 225 2731 ne
265 2695 405 2734 efferas.
478 2701 620 2734 Veteris
655 2699 857 2744 elegantiae
932 2702 961 2735 I.
983 2712 1017 2735 2.
1036 2700 1100 2746 96.

152 2797 154 2799 ‚
179 2752 229 2789 est
259 2752 352 2790 haec
384 2756 598 2802 periphrasis
637 2769 719 2791 cum
749 2755 855 2790 verbo
