1664 3100
412 760 608 806 ITEM
674 759 1101 811 PROLOGUS.

49 869 236 928 Orator
258 880 320 938 ¹⁰)
354 878 419 928 ad
448 897 540 930 vos
570 882 721 931 venio
753 897 939 933 ornatu
965 885 1025 943 ¹¹)
1056 883 1271 950 prologi.

44 946 225 1005 Sinite,
263 962 502 997 exorator
531 958 588 1012 ι2)
620 954 662 1011 *)
712 949 797 999 sun
830 952 1006 1002 eodem
1042 965 1102 1001 ut
1132 954 1245 1003 iure
1281 958 1339 1016 ι3)
1391 956 1470 1005 uti

399 1016 564 1065 senem

44 1081 238 1140 Liceat,
274 1099 381 1147 quo
400 1084 512 1132 iure
530 1084 633 1133 sum
653 1085 770 1135 usus
794 1085 1168 1137 adolescentior.

41 1151 221 1199 Novas
257 1155 316 1211 ¹⁴)
350 1152 441 1217 qui
471 1165 676 1202 exactas
720 1158 778 1213 ¹⁵)
816 1154 912 1204 feci
949 1154 1006 1217 ¹6)
1050 1169 1108 1204 ut
1147 1156 1467 1206 inveterasce-

397 1232 512 1266 rent
538 1226 595 1275 ι7)
1067 1237 1070 1242 ·

0 1283 121 1333 §Ne
153 1301 271 1332 cum
299 1299 472 1350 poeta,
506 1285 750 1351 scriptura
781 1289 1094 1336 evanesceret
1124 1292 1183 1346 ¹8)

42 1354 99 1399 In
126 1348 206 1400 his
249 1351 626 1418 quamprimum
659 1353 719 1416 ¹9)
751 1357 790 1416 *)
846 1354 1031 1404 Caecili
1069 1361 1132 1416 2⁰)
1186 1353 1339 1404 didici
1376 1373 1466 1405 no·

361 1469 367 1475 .
395 1436 502 1478 vas,
531 1423 594 1478 ²¹)

37 1485 226 1535 Partim
267 1486 375 1536 sum
411 1504 587 1536 earum
622 1489 689 1547 22)
753 1500 987 1548 exactus,
1044 1489 1233 1555 partim
1264 1492 1328 1551 ²3)
1379 1489 1466 1540 vix

395 1554 519 1604 steti.
550 1554 616 1618 ²4)

100 1692 160 1731 ιο)
183 1687 371 1737 postulans
420 1690 481 1737 11)
507 1703 591 1726 cum
621 1701 751 1727 ornatu
814 1692 877 1733 12)
901 1701 943 1726 ut
961 1701 1128 1727 exorator
1143 1691 1256 1727 vester
1301 1692 1339 1737 ³)
1364 1693 1459 1729 edit.
1502 1708 1506 1712 ’

66 1769 68 1771 -
135 1747 227 1796 41άῷ
244 1755 289 1797 pt
314 1748 470 1792 itnprob.
494 1750 615 1785 Benel.
667 1752 723 1791 13)
748 1747 787 1782 id
816 1748 866 1783 est
886 1747 1014 1783 eadem
1040 1748 1234 1796 protestate
1263 1749 1457 1788 recitandi,

142 1812 187 1837 ut
198 1800 291 1838 ficut
307 1803 455 1838 recitavi
474 1803 615 1839 invenis
643 1805 792 1840 recitem
811 1816 847 1840 et
861 1803 969 1840 senex
1019 1810 1076 1850 14)
1103 1805 1245 1840 fabulas
1295 1807 1357 1850 15)
1380 1819 1461 1852 per-

139 1858 255 1894 §ectu
304 1860 360 1901 16)
383 1860 531 1895 recitavi
582 1865 639 1906 17)
663 1862 702 1896 in
720 1862 821 1896 ulum
844 1861 1063 1897 haberentur
1113 1865 1168 1904 18)
1193 1875 1241 1896 ne
1261 1860 1351 1897 ficut
1371 1875 1459 1909 poe-

138 1925 179 1950 ιι
203 1915 347 1954 deficit.
374 1916 520 1952 deficiet
538 1916 711 1964 scriptura
738 1919 859 1959 illius,
902 1917 991 1953 dum
1016 1918 1059 1953 in
1078 1918 1181 1954 usum
1211 1932 1287 1953 nou
1317 1918 1462 1954 affumi-

139 1981 211 2007 tur.
266 1975 447 2020 Loquitur
474 1988 517 2009 ex
539 1975 692 2022 persona
720 1974 884 2022 caliopii
968 1975 1031 2021 19)
1070 1976 1166 2010 inter
1192 1973 1259 2010 has
1290 1975 1459 2023 inprimis

139 2027 180 2073 ³)
203 2029 262 2063 ed·
293 2043 385 2076 quas
412 2034 573 2076 primum
644 2033 709 2077 πο)
732 2031 920 2078 proprium
948 2044 1083 2066 nomen
1114 2031 1248 2065 comici
1318 2033 1387 2077 21)
1411 2032 1459 2067 ad

137 2085 367 2123 recitandum
411 2088 478 2135 22)
507 2087 712 2124 fabularum
758 2089 823 2134 23)
842 2088 964 2135 peregi
1010 2091 1071 2132 24)
1095 2088 1135 2122 in
1158 2086 1277 2122 scena.

182 2236 454 2273 Pnozoeus.
499 2239 548 2274 11.
824 2242 861 2282 4.
886 2239 1222 2284 invocet-asperent]
1291 2237 1316 2274 i.
1348 2251 1380 2273 e.
1413 2239 1455 2274 in

78 2301 115 2326 2·
141 2293 267 2328 eodem
283 2296 365 2329 iure
383 2297 442 2331 uei
449 2295 466 2339 J
512 2295 552 2330 h.
571 2309 602 2331 e.
620 2308 705 2332 ean·
780 2293 1080 2330 consuetudinem
1109 2293 1284 2328 venirent.
1309 2296 1454 2331 Lucret-

30 2343 121 2380 ‘dem
154 2348 405 2385 conditionem
433 2350 579 2386 habere.
636 2355 702 2388 lus
778 2353 842 2386 lv.
866 2351 965 2385 1061.
985 2352 1091 2386 ulcus
1113 2351 1272 2395 vivescit
1286 2360 1326 2386 ee
1347 2354 1455 2387 inve-

31 2401 139 2449 [nepe
168 2402 220 2438 est
247 2405 432 2446 conditio,
466 2406 590 2442 status.
617 2408 699 2443 Cic.
776 2410 927 2453 terascit
964 2407 1111 2442 alendo.
1138 2405 1219 2441 Cic.
1254 2405 1302 2440 ad
1341 2407 1452 2442 Attie-

31 2469 145 2503 agrar.
167 2460 232 2493 111.
259 2472 292 2494 ι.
311 2462 432 2497 libera
452 2464 614 2508 praedia
629 2477 701 2500 me-
774 2463 875 2499 XIV.
883 2474 918 2507 9.
936 2475 1029 2511 quae
1047 2462 1141 2498 mila·
1156 2464 1378 2500 viderentur·
1385 2464 1452 2500 ku·

30 2516 129 2552 livre
146 2517 227 2551 iure
236 2517 329 2559 sunt
348 2531 457 2564 quam
464 2522 593 2565 servm
609 2519 700 2554 Mox
774 2520 903 2555 bitur-a
913 2522 1030 2555 etiam
1043 2522 1274 2565 vetustatem.

29 2570 162 2617 repetit
173 2583 297 2606 vocem
307 2576 390 2609 iure
406 2584 447 2609 ut
458 2575 593 2610 centies
605 2575 699 2621 opti-
821 2588 854 2620 7.
881 2575 1045 2620 Par-tim]
1103 2579 1247 2619 partim
1276 2574 1450 2610 construi-

28 2626 83 2660 mi
100 2624 299 2672 seriptum.
322 2641 355 2663 v.
375 2630 517 2665 Mna-n.
548 2630 594 2665 ad
614 2631 697 2668 Cic.
773 2641 833 2666 tur
850 2642 891 2666 ut
912 2633 1065 2681 quidam
1087 2632 1144 2665 vel
1163 2630 1332 2679 sequente
1349 2632 1449 2677 geni·

28 2681 184 2719 divinat.
203 2695 234 2719 c.
255 2695 284 2719 1.
302 2695 339 2722 et
354 2686 543 2723 Drakenb.
562 2686 696 2724 adLiv.
772 2687 848 2722 tivo
891 2688 947 2723 vel
1002 2687 1269 2735 pra-pontione
1310 2687 1446 2734 aliqua.

28 2736 59 2779 1·
78 2744 139 2783 43-
770 2742 902 2791 Nepoe
933 2743 975 2779 in
1003 2744 1126 2782 Attico
1160 2757 1191 2780 c.
1220 2757 1254 2788 7.
1285 2758 1446 2794 quorum

1182 2806 1295 2851 G2
