1708 3106
200 161 292 216 142
751 157 1061 207 HECYRA.
1247 210 1268 236 0

193 296 266 341 Ex
289 309 395 361 quo
416 291 463 334 45
474 292 508 352 ¹)
538 287 811 341 firmiorem
842 292 972 341 inter
999 310 1094 343 nos
1105 289 1177 356 46)
1217 292 1324 344 fore
1345 295 1619 346 amicitia'r'n

555 359 762 424 posthac
786 361 958 420 scires,

193 429 372 479 Potius
395 445 551 496 quam
576 427 840 478 advorsum
860 429 1014 479 animi
1035 430 1111 478 tui
1129 428 1390 480 libidinem
1408 432 1471 493 47)
1504 408 1622 481 esset

559 513 675 544 cum
699 495 786 545 illo
806 499 869 556 48)
905 501 1100 562 nupta?
1118 501 1181 558 49)

122 590 176 619 20
191 570 294 633 Ego
340 565 493 615 etiam
535 561 738 613 illorum
759 569 822 626 5⁰)
872 565 964 613 esse
996 565 1129 616 hanc
1161 564 1364 634 culpam
1407 564 1623 626 credidi,

555 649 688 698 quae
710 633 799 691 6¹)
808 645 857 681 te
879 633 947 680 est
966 650 1135 698 penes.
1159 637 1222 695 52)

191 702 346 750 MYR.
379 700 561 749 Misera
581 702 698 748 sum.
753 700 854 749 PH.
875 701 1077 749 Utinam
1099 703 1247 751 sciam
1269 701 1361 750 esse
1382 701 1535 758 istuc3
1559 701 1623 760 55)

552 768 633 816 sed
658 786 796 817 nunc
818 767 976 816 mihi
962 787 1014 816 m
1037 782 1255 819 mentem
1277 770 1416 819 venit

189 838 264 887 Ex
283 837 382 888 hac
402 853 456 886 re
471 873 484 895 ,
519 835 661 902 quod
681 834 855 886 locuta
874 835 936 886 es>
950 841 997 877 53
1008 841 1044 900 ¹¹)
1089 837 1211 887 olim
1235 855 1355 888 curn
1375 835 1519 885 illum
1542 853 1622 903 ge-

555 921 736 954 nerum
756 922 999 969 cepimus.

191 978 326 1025 Nam
350 970 571 1039 negabas
598 985 812 1038 nuptam
833 970 989 1021 filiam
1011 973 1145 1038 posse
1164 985 1306 1022 tuam
1328 985 1380 1021 te
1402 971 1511 1039 pati

196 1048 323 1092 Cum
346 1059 432 1100 eo,
455 1043 516 1103 54)
552 1042 643 1108 qui
664 1041 976 1089 meretricem
998 1046 1061 1103 55)
1092 1061 1095 1063 ’
1131 1053 1348 1099 amaret,
1404 1040 1495 1107 qui
1512 1056 1623 1108 pere

553 1122 788 1158 noctaret
808 1108 943 1157 foris.

120 1191 174 1232 25
190 1179 342 1228 MYR.
362 1174 427 1238 56)
449 1176 691 1243 Quamvis
715 1181 777 1235 57)
805 1177 1012 1225 causam
1031 1181 1094 1238 58)
1124 1175 1264 1226 hunc
1282 1179 1345 1237 59)
1377 1175 1624 1276 suspicari,

554 1262 710 1311 quam
734 1244 888 1310 ipsam
909 1242 972 1307 60)
1002 1263 1172 1296 veram
1191 1242 1258 1304 ⁶¹)
1294 1240 1550 1294 mavoloss
1556 1253 1569 1275 ¹
1586 1249 1622 1304 ²)

193 1319 293 1365 PH.
333 1312 502 1363 Multo
533 1313 678 1379 prius
720 1313 837 1362 scivi
866 1330 1021 1380 quam
1050 1326 1107 1361 tu
1138 1311 1280 1363 illum
1311 1309 1378 1376 6²)
1435 1310 1647 1366 habere,

555 1380 770 1429 amicam
789 1376 853 1441 33)
889 1380 1167 1445 Myrrhina.

190 1457 379 1502 Verum
408 1449 462 1498 id
491 1448 670 1500 vitium
701 1466 963 1514 nunquam
1000 1447 1199 1500 decrevi
1229 1449 1323 1499 esse
1346 1465 1440 1516 ego
1459 1445 1626 1498 adole-

551 1517 779 1566 [centiae.
801 1514 863 1577 64)

193 1593 329 1642 Nam
362 1585 413 1635 id
435 1583 673 1635 omnibus
700 1587 932 1633 innatum
962 1585 1042 1634 est.
1109 1590 1175 1633 At
1202 1583 1425 1652 poliam
1459 1582 1626 1651 aderit

548 1665 748 1767 ῖεὲῃριιε
768 1650 833 1712 65)
856 1656 898 1712 *)
920 1654 966 1702 se
987 1650 1050 1714 ⁶⁶)
1087 1671 1300 1720 quoque
1324 1653 1477 1703 etiam
1503 1669 1623 1703 cum

556 1737 587 1768 o
626 1734 732 1770 erit.

248 1884 295 1925 45
308 1881 341 1919 a)
370 1889 479 1924 puero
535 1875 601 1921 46)
627 1873 720 1910 inter
738 1886 909 1921 generum
939 1885 975 1911 et
1003 1875 1165 1911 [acerum
1210 1876 1272 1918 47)
1297 1884 1422 1910 eontra
1448 1873 1619 1910 volunta·
1663 1894 1668 1898 -

298 1946 372 1971 tem
405 1933 516 1968 animi
547 1933 601 1967 tui
630 1931 765 1968 malam
812 1933 877 1977 48)
903 1931 1099 1980 Pamphilo
1146 1935 1206 1979 49)
1230 1931 1306 1966 filia
1325 1942 1387 1967 tua
1432 1935 1497 1975 5⁰)
1519 1933 1625 1966 Pam-

297 1991 394 2039 phili
426 2002 462 2026 et
489 1989 669 2025 Sostratae
732 1992 792 2031 51)
820 1988 929 2036 culpa
973 1989 1039 2035 52)
1066 1989 1164 2037 apud
1191 2001 1226 2025 te
1273 1994 1332 2033 53)
1357 1999 1397 2024 ut
1423 1988 1550 2024 misera
1577 1988 1624 2025 fin

294 2058 340 2093 53
353 2051 392 2094 a)
419 2046 511 2081 mihi
559 2046 626 2091 54)
652 2045 848 2092 Pamphilo
896 2050 956 2089 55)
976 2047 1182 2082 Bachidem
1219 2047 1286 2092 56)
1303 2037 1422 2080 secum
1448 2047 1515 2093 57)
1532 2046 1626 2086 mul-

231 2108 234 2111 ’
297 2118 373 2143 tum
407 2106 472 2148 58)
493 2104 591 2139 hanc
622 2107 682 2150 59)
704 2102 930 2154 Phidippum
966 2105 1031 2151 60)
1052 2103 1194 2139 causam
1227 2104 1292 2149 61)
1310 2102 1397 2138 scire
1431 2105 1523 2146 612)
1543 2104 1626 2140 vel?

297 2163 365 2207 62)
400 2160 632 2208 Pamphilum
697 2161 757 2202 63)
793 2160 997 2209 Bonchidem
1038 2161 1108 2207 ,64)
1142 2161 1180 2195 in
1210 2159 1504 2196 adolescentibus
1530 2175 1625 2196 nun-

298 2233 406 2267 quam
427 2220 550 2267 putnvi
571 2232 636 2266 pro
655 2218 742 2252 vitio
763 2217 890 2253 haberi
907 2217 934 2253 fi
953 2222 1138 2253 uterentur
1156 2216 1405 2252 meretricibus
1454 2219 1515 2262 65)
1536 2229 1623 2266 prae

297 2274 485 2312 senectute
517 2277 555 2322 *)
582 2277 673 2312 edic.
694 2290 766 2312 om·
788 2287 932 2323 tempus
978 2275 1044 2322 66)
1066 2273 1204 2310 nedum
1223 2273 1442 2313 meretrices.

238 2437 295 2461 22.
334 2439 508 2472 generum
534 2426 722 2471 cepimus]
770 2425 809 2460 h.
832 2438 864 2460 e.
943 2424 1046 2468 adest
1089 2435 1169 2459 cum
1204 2424 1329 2459 alieno
1354 2436 1456 2459 more
1491 2425 1627 2462 viven-

193 2481 378 2528 elegimus.
411 2482 540 2526 Virgil.
570 2483 692 2528 Georg
713 2484 757 2519 ΙΙ.
787 2490 865 2524 230.
943 2483 1030 2518 dum
1047 2483 1098 2526 esc
1115 2478 1217 2515 mihi.
1237 2491 1269 2514 v.
1287 2479 1444 2515 Bentlei.
1466 2478 1513 2513 ad
1535 2471 1573 2514 h}
1595 2476 1627 2521 1.

194 2552 281 2577 ante
299 2541 420 2574 locum
440 2542 562 2584 capies
580 2542 711 2576 oculis.
734 2552 763 2573 v.
777 2539 868 2573 Dra·
942 2536 1160 2574 Notandum
1182 2549 1263 2571 vero
1292 2539 1407 2573 etiam
1426 2547 1461 2572 et
1479 2551 1624 2587 quoque

194 2597 306 2632 kenb.
334 2596 379 2630 ed
401 2597 475 2632 Liv.
500 2597 563 2632 VI.
584 2605 639 2637 28.
944 2594 1059 2640 iungi.
1083 2594 1162 2628 Cic.
1192 2592 1237 2628 de
1256 2593 1344 2628 Nat.
1367 2595 1476 2628 Deor.
1505 2596 1533 2629 1.
1563 2607 1625 2642 22.

241 2663 300 2696 28.
319 2658 397 2689 iam
409 2655 534 2689 ader-ic
543 2657 584 2699 se
603 2667 744 2699 quoque
756 2654 868 2687 etiam
946 2665 1021 2687 non
1063 2654 1161 2687 enim
1192 2663 1304 2695 poeta
1334 2653 1456 2699 solum
1481 2654 1623 2698 suavis

193 2723 275 2747 cum
294 2711 442 2755 oderit]
475 2709 753 2755 intelligendum
777 2720 872 2757 cem-¹
943 2723 1074 2744 verum
1092 2711 1204 2744 etiam
1225 2721 1373 2744 caetera
1393 2722 1533 2757 quoque
1557 2709 1622 2744 do·

193 2781 263 2813 pue
289 2778 326 2803 ut
343 2767 382 2802 iu
402 2766 512 2801 Andr.
534 2768 563 2801 1.
591 2779 620 2803 ι.
644 2775 718 2810 125.
749 2770 868 2811 Prope
943 2778 1036 2801 ctus.
1050 2765 1271 2813 Plin.X.97.
1291 2779 1366 2802 non
1383 2777 1487 2801 nuno
1505 2767 1621 2800 etiam
