1708 3106
217 165 318 224 254
735 157 1114 214 PHoRMIO.

214 300 447 350 Animam
465 296 531 361 ⁶⁰)
563 299 834 365 compresfi,
857 317 1028 349 aurem
1050 299 1265 350 admovi.
1311 304 1390 349 Ita
1412 299 1636 349 animum

573 370 716 434 coepi
743 362 1023 426 attendere.
1056 363 1060 366 ’

212 441 329 486 Hoc
363 435 518 486 modo
546 437 819 485 sermonem
851 449 1076 502 captans.
1141 435 1293 484 ANT.
1323 438 1399 484 Eu
1430 452 1462 484 o
1492 434 1635 484 Geta.

573 505 672 552 GE.
716 506 813 553 Hic
836 504 1232 570 pulcherrimum

141 583 196 626 30
217 573 431 623 Facinus
450 569 513 634 6¹)
543 572 727 620 audivi.
783 579 959 640 ltaque
979 590 1140 638 paene
1163 571 1331 622 hercle
1359 570 1636 621 exclamavi

210 709 358 758 ΡΗΟ.
393 706 546 776 Quod
561 639 768 756 §alligi-
795 706 1063 774 Quodnam
1097 706 1373 755 arbitrare?
1402 705 1464 767 62)
1531 708 1636 755 AN.

572 777 768 825 Nescio.
803 779 899 825 GE.
937 775 1106 843 Atqui.
1128 773 1519 824 mirificissimum
1537 771 1603 834 63)

213 846 435 895 Patruus
462 858 587 893 tuus
605 842 672 904 64)
712 857 858 911 pater
889 845 958 892 est
997 845 1234 892 inventus
1265 842 1460 892 Phanio
1491 841 1640 892 uxori

569 925 701 961 tuae.
767 912 923 961 ANT.
956 912 1082 959 Hem
1572 968 1575 971 ι

212 980 351 1050 Quid
372 982 482 1030 ais?
547 980 646 1029 GE.
678 983 800 1028 Cum
825 981 933 1030 eius
959 983 1022 1038 54)
1051 980 1308 1029 consuevit
1336 978 1456 1028 olim
1476 991 1637 1027 matre

476 1095 481 1101 ,
566 1050 619 1096 in
642 1053 828 1096 Lemno
853 1046 1153 1097 clanculum.

211 1118 356 1167 ΡΗΟ.
393 1117 676 1175 Somnium,
709 1117 819 1164 utin
840 1113 905 1177 66)
940 1115 1065 1164 haec
1088 1116 1344 1181 ignoraret
1373 1114 1516 1162 suum
1550 1130 1635 1180 pa-

572 1183 730 1233 trem?
797 1188 893 1232 GE.
927 1183 1131 1250 Aliquid
1153 1181 1345 1232 credito

141 1266 196 1308 35
212 1253 444 1304 Phormio
468 1253 560 1301 esse
580 1253 769 1302 causae.
817 1251 912 1301 Sed
935 1270 1014 1300 me
1034 1250 1208 1300 censen
1229 1249 1443 1316 potuisse
1466 1248 1638 1297 omnia

215 1321 494 1388 Intelligere
516 1334 666 1381 ,extra
702 1322 905 1379 ostium,
946 1321 1086 1368 intus
1115 1335 1249 1386 quae
1278 1318 1410 1366 iuter
1427 1317 1519 1365 sese
1545 1316 1636 1383 ipli

573 1389 797 1455 egerint?
1349 1388 1354 1392 ’

210 1460 356 1509 ΡΗΟ.
386 1464 554 1527 Atque
573 1455 855 1523 hercle'ego
889 1472 1100 1522 quoque
1133 1452 1269 1502 illam
1299 1452 1468 1502 audivi
1491 1448 1634 1499 fabu-

570 1525 681 1574 lam.
710 1523 716 1527 “
752 1529 847 1574 GE.
877 1529 1032 1571 lmmo
1056 1524 1206 1571 etiam
1227 1521 1360 1570 dabo
1535 1574 1540 1578 .
1696 1522 1700 1526 ’

218 1600 332 1663 Quo
353 1596 512 1661 magis
534 1593 724 1645 credas.
793 1597 1011 1641 Patruus
1030 1591 1223 1639 interea
1244 1589 1360 1637 inde
1382 1586 1635 1653 huc'egre-
1695 1600 1699 1605 ’

576 1662 714 1710 ditur
734 1660 883 1709 foras.
1282 1665 1286 1668 ’

212 1731 364 1781 Haud
384 1730 543 1779 multo
567 1731 676 1795 post
695 1746 812 1778 cum
832 1741 974 1793 patre
994 1724 1055 1787 67)
1076 1724 1209 1774 idem
1231 1723 1412 1787 recipit
1432 1723 1477 1771 fe
1494 1723 1632 1770 intro

571 1798 752 1845 denuo.
1099 1827 1102 1831 -

140 1884 195 1931 4ο
212 1869 294 1916 Ait
313 1880 530 1934 uterque
549 1864 640 1913 tibi
665 1863 957 1930 potestatem
979 1864 1087 1910 eius
1110 1858 1175 1920 68)
1207 1856 1470 1906 habendae
1502 1855 1633 1904 dare.

216 1936 457 2002 Denique
478 1933 763 2049 egodmissus
786 1932 891 1979 sum
910 1944 959 1979 te
981 1943 1038 1978 ut
1058 1944 1350 1997 quaererem
1373 1939 1529 1992 atque
1551 1923 1633 1972 ad-

610 2017 809 2049 uoerem

270 2127 340 2168 60)
364 2124 567 2160 anhelitum
614 2122 681 2168 61)
700 2134 805 2169 opus,
821 2119 963 2155 facinus
983 2118 1021 2153 in
1040 2116 1179 2152 bonum
1200 2126 1235 2151 et
1254 2115 1293 2149 in
1311 2112 1448 2148 malum
1493 2112 1559 2156 62)
1582 2123 1635 2146 ar-

318 2182 461 2218 bitraris
523 2183 583 2223 63)
610 2179 783 2225 gaudium
840 2179 900 2221 64)
930 2176 1106 2212 Clu-emes
1153 2175 1219 2224 65)
1244 2170 1376 2207 Phanii
1429 2165 1491 2211 66)
1514 2180 1560 2203 ιιι
1577 2167 1632 2204 uti

316 2241 383 2286 67)
406 2238 642 2286 Demiphone
689 2237 749 2279 63)
773 2233 918 2270 Phanii.

211 2368 395 2404 Schwarz.
433 2365 480 2401 ad
511 2364 606 2400 Plin.
647 2363 817 2408 Panegyr.
853 2372 886 2394 c.
1010 2365 1065 2400 32.
1089 2352 1635 2400 pulcherrimumsacinusta»

211 2437 269 2459 22.
964 2417 1070 2450 cinus
1104 2412 1212 2446 etiam
1246 2410 1286 2444 in
1320 2408 1458 2444 bonum
1493 2400 1633 2446 sensum

258 2490 315 2523 28.
343 2483 515 2516 Animam
532 2476 747 2521 compr-effi]
798 2476 888 2510 Ani·
966 2472 1111 2506 dicitur.
1142 2470 1180 2503 in
1198 2468 1327 2503 Heaut.
1349 2467 1397 2502 11.
1417 2474 1452 2506 Ξ.
1478 2474 1535 2508 23.
1554 2465 1632 2500 Sal-

213 2554 311 2576 mam
330 2551 452 2574 tener-e
470 2534 563 2569 dixit
576 2533 686 2568 Ovid.
707 2532 732 2566 l.
753 2544 782 2565 c.
805 2535 887 2566 ani—
962 2529 1043 2564 lust.
1072 2528 1110 2562 in
1137 2525 1246 2562 Catil.
1277 2535 1308 2558 c.
1339 2536 1398 2558 20.
1427 2526 1631 2560 maximum

213 2610 311 2631 mam
336 2597 525 2631 concinere
551 2591 631 2626 Cic.
662 2590 708 2624 de
728 2589 831 2623 Orat.
857 2588 887 2621 I.
962 2598 1073 2634 atque
1094 2582 1376 2630 pulcherrimum
1391 2578 1551 2625 facihus
1569 2582 1631 2615 in·

210 2655 270 2688 61.
299 2651 558 2695 Demosthenes
580 2660 725 2684 tantum
744 2648 783 2680 in
803 2657 887 2678 con·
962 2646 1084 2687 cipere
1103 2639 1163 2674 ubi
1183 2651 1213 2672 v.
1235 2638 1337 2672 Cort.

211 2712 368 2745 cinenda
388 2709 516 2744 anima
535 2705 744 2742 indicendo
761 2702 812 2745 est
830 2703 886 2747 as·
1008 2707 1065 2743 37.
1095 2697 1216 2741 dabo]
1282 2695 1401 2729 dicam
1414 2718 1423 2732 .
1462 2690 1629 2727 narrabo.

202 2767 363 2810 fiemus.
960 2767 993 2789 v.
1013 2766 1088 2790 not.
1122 2754 1167 2787 ad
1185 2749 1428 2796 fleau1.,pxol.
1444 2761 1477 2783 v.
1501 2749 1555 2783 16.
