1708 3106
200 186 290 234 132
739 183 1083 231 HEC'YRA..

197 320 347 369 Adest
363 323 609 369 Parmeno
633 336 748 368 cum
770 315 971 386 pueris3
1007 315 1144 371 hunc
1164 318 1366 367 minime
1396 317 1466 366 est
1485 322 1618 383 opus

127 397 180 438 50
196 393 261 450 11n·
275 388 371 438 hac
387 406 442 436 re
462 389 565 437 esse.
586 389 650 446 35)
670 390 708 446 *)
774 391 909 437 Nam
933 386 1051 435 olim
1074 385 1160 436 soli
1180 384 1242 446 36)
1273 384 1463 435 credidi

196 460 267 505 Ea
287 461 347 515 37)
385 474 463 504 me
494 455 777 504 abstinuisse
806 456 860 503 in
891 455 1143 521 principio
1174 473 1293 519 cum
1322 454 1445 502 data
1474 453 1556 502 est.

200 527 389 573 Vereor
434 522 469 571 fi
520 523 790 572 clamorem
845 524 955 572 eius
989 523 1054 585 58)
1119 522 1204 573 hic
1254 521 1431 572 crebro
1471 537 1630 570 exau->

553 591 675 647 diat,
698 593 761 650 39)

148 665 150 669 ’
198 662 278 709 Ne
299 660 548 726 parturire
569 657 850 723 intellegat3
885 657 1059 724 aliquo
1084 659 1146 718 40)
1179 656 1301 706 mihi
1323 657 1392 705 est

194 728 330 789 Hine
352 725 663 793 ablegandus
686 727 751 784 4¹)
785 726 907 775 dum
927 726 1063 794 parit
1081 724 1391 775 Philumena.

199 868 436 930 (Ac—,Tus
487 874 561 919 111.
649 873 846 920 scam
893 873 967 919 Ν.
1055 871 1384 919 PARMENO.
1430 869 1622 918 SoslA.

204 978 208 981 ,
707 941 1113 999 PAMPHILUS.)
1146 995 1151 1001 .

200 1053 528 1103 PARMENO.
556 1054 617 1113 4²)
674 1051 764 1100 Ain
794 1065 851 1100 tu
882 1050 977 1100 tibi
1002 1053 1068 1110 45)
1099 1050 1211 1107 ΔΙιοε
1239 1046 1623 1101 incommodum

554 1120 765 1170 evenisse
786 1121 880 1167 iter
893 1122 914 1165 ?

198 1190 324 1238 SOS.
359 1191 479 1238 Non
501 1186 669 1238 hercle
692 1186 860 1236 verbis
887 1186 1134 1236 Parmeno
1156 1186 1263 1235 dici·
1276 1186 1438 1252 potest

192 1260 419 1305 Tantum
435 1274 590 1322 quam
610 1273 664 1304 re
677 1258 739 1314 44)
761 1255 864 1321 ipsa
888 1255 1123 1318 navigare
1140 1252 1520 1319 incommodum
1541 1250 1620 1300 est.

191 1325 326 1372 PAR.
359 1328 498 1372 Itane
518 1325 619 1372 est?
686 1322 778 1371 SO.
808 1324 850 1369 O
875 1322 1144 1381 fortunate,
1177 1322 1333 1375 nescis
1356 1319 1483 1388 quid
1503 1316 1622 1367 mali

151 1402 176 1442 5
191 1392 511 1439 Praeterieris
535 1391 626 1457 qui
645 1408 909 1457 nunquam
930 1408 984 1439 es
1004 1390 1244 1455 ingressus
1268 1406 1418 1437 mare.

193 1461 329 1512 Nam
362 1457 487 1508 alias
519 1473 577 1508 ut
604 1459 834 1509 omittam
866 1461 905 1520 *2
961 1459 1178 1513 miserias
1212 1474 1369 1506 unam
1400 1455 1535 1506 hanc
1555 1455 1578 1496 4

554 1527 678 1576 vide.
1574 1545 1579 1548 ’

191 1595 316 1642 Dies
338 1595 542 1660 triginta
563 1609 655 1642 aut
673 1593 790 1660 plus
813 1611 873 1642 eo
898 1594 950 1641 in
972 1594 1090 1643 navi
1115 1593 1200 1652 sui,
1258 1613 1263 1619 ·

194 1667 321 1711 Cum
341 1663 532 1711 interea
555 1663 743 1728 semper
764 1675 978 1710 mortem
1012 1659 1340 1728 expectabam
1374 1661 1528 1711 miser.

253 1799 318 1843 35)
340 1797 458 1832 adesse
505 1799 540 1844 ⁴¹)
565 1799 659 1834 edit.
681 1810 717 1834 et
750 1800 870 1834 Bentl.
899 1796 1016 1831 adesse
1064 1797 1123 1838 36)
1151 1797 1371 1832 Parmenoni
1415 1801 1474 1843 37)
1493 1796 1620 1833 Phila,-

300 1866 407 1888 mena
458 1859 516 1896 38)
541 1856 780 1889 Philumenae
799 1854 1030 1900 parturientis
1079 1853 1143 1899 39)
1168 1855 1344 1888 Parmeno
1402 1858 1462 1898 4ο)
1487 1855 1527 1890 in
1554 1855 1618 1890 ali-

300 1923 373 1957 quo
396 1910 480 1945 loco
527 1912 593 1957 41)
615 1910 867 1946 removendus.
889 1909 1188 1946 transmittendus
1233 1915 1294 1955 42)
1310 1910 1525 1958 loquebatur
1536 1914 1618 1948 Par-

298 1980 408 2002 meno
431 1980 513 2002 cum
532 1968 652 2008 Sosia,
694 1967 756 2017 qui
777 1981 858 2002 cum
880 1967 1074 2016 Pamphilo
1094 1966 1212 2003 fuerat
1236 1967 1331 2003 ultra
1358 1980 1457 2003 mare
1501 1969 1566 2015 43)
1592 1983 1614 2004 o

294 2023 396 2060 Solia
420 2025 487 2069 44)
506 2025 754 2072 experimento
780 2026 819 2070 ²³)
836 2027 927 2062 edit.
949 2026 1091 2062 mittam
1115 2029 1185 2070 45)ε
1197 2035 1306 2072 quam
1323 2023 1444 2060 sumus
1464 2026 1614 2073 experti.

191 2149 268 2184 Liv.
287 2148 454 2184 XXXIX.
477 2157 533 2192 55.
561 2163 641 2187 eum
658 2153 785 2188 omnia
803 2154 866 2187 ira
934 2187 945 2190 ,,
1055 2150 1085 2184 A
1098 2162 1165 2184 c'r.
1189 2149 1252 2185 111.
1299 2148 1324 2182 S
1337 2142 1437 2182 curi
1464 2153 1502 2193 4.

190 2221 266 2242 non
287 2206 442 2250 consilio
463 2221 695 2253 gererentur.
720 2221 750 2246 v.
772 2209 866 2244 Gro-
991 2219 1020 2244 ¹.
1046 2207 1155 2251 iter]
1190 2208 1263 2241 iter·
1290 2204 1488 2259 dicitur-de
1514 2210 1613 2242 navi-

189 2275 274 2300 nov.
289 2262 334 2295 ad
355 2263 432 2296 Liv.
454 2264 583 2299 XLIV.
603 2278 636 2303 2.
941 2263 1086 2309 gatione
1109 2261 1218 2297 ovid.
1247 2261 1348 2309 epist.
1368 2264 1464 2299 XXI.
1492 2272 1547 2308 78.
1575 2277 1612 2301 ce

233 2319 344 2360 huic]
388 2332 518 2366 nempe
542 2322 662 2357 uxoris
682 2321 804 2361 amori,
824 2330 864 2356 ut
929 2322 1062 2366 facere
1102 2323 1250 2367 ignava
1289 2333 1412 2364 puppe
1450 2320 1613 2356 videbar·

190 2387 272 2410 eum
300 2373 441 2409 missum
466 2376 609 2411 faciam.
938 2380 1026 2413 Iter.
1054 2375 1115 2410 Sic
1132 2379 1189 2412 ire
1206 2388 1270 2423 pro
1290 2378 1490 2421 navigare.
1508 2376 1610 2423 Virg.

234 2438 291 2475 54.
318 2433 578 2479 ablegandus]
626 2434 651 2468 i.
681 2447 711 2468 e.
741 2446 862 2468 aman·
936 2436 1025 2468 Aen.
1055 2433 1118 2468 lv.
1145 2440 1226 2474 3¹⁰·
1249 2444 1285 2468 et
1319 2433 1451 2468 mediis
1475 2447 1610 2478 prope·

189 2487 345 2522 dandus.
373 2489 453 2522 Hoc
473 2490 579 2524 verbo
599 2501 731 2525 veteres
755 2501 861 2526 utun·
936 2503 994 2527 res
1014 2489 1252 2537 aquilonibus
1273 2491 1330 2524 ire
1346 2503 1413 2533 per·
1431 2491 1563 2526 altum-

186 2554 246 2580 1ur
264 2543 309 2578 de
326 2543 371 2578 iis
396 2557 549 2590 quorum
570 2545 767 2593 praesentia
787 2560 862 2581 mo-
983 2555 1016 2588 3.
1042 2558 1189 2583 tantum
1206 2546 1338 2593 quam]
1388 2546 1523 2580 dicitur
1541 2549 1606 2593 pio

185 2599 273 2635 lesta
303 2598 363 2636 est.
394 2602 470 2635 Liv.
498 2604 525 2640 I.
548 2612 602 2645 35.
619 2605 690 2649 sub
716 2615 859 2649 tempus
934 2614 1081 2639 tantum
1108 2614 1296 2648 quantum.
1318 2603 1396 2637 Liv.
1419 2603 1605 2638 XXXVII.

182 2671 319 2702 pueros
352 2671 530 2695 venatum
562 2662 774 2706 ablegavit.
799 2662 859 2694 Ju—
933 2668 990 2702 5¹·
1021 2674 1096 2696 non
1116 2671 1263 2695 tantum
1282 2660 1458 2707 gaudium
1477 2659 1527 2694 ab
1545 2674 1604 2695 re·

181 2713 263 2749 stin.
286 2714 313 2747 1.
334 2722 367 2755 5.
387 2727 428 2750 ut
452 2718 648 2764 ablegatus
668 2722 708 2752 in
729 2719 855 2764 Perfizs
933 2719 1032 2752 ceriti
1041 2729 1137 2752 metu
1147 2717 1367 2752 adtulerunt
1380 2729 1488 2765 quam
1497 2708 1605 2752 aver·-

181 2774 228 2810 ab
247 2785 323 2809 avo
338 2772 457 2808 suerit
484 2773 546 2808 ubi
567 2786 597 2808 v.
619 2774 781 2809 Gronov.
932 2774 1227 2818 cer-uaesaniam.
1249 2774 1417 2808 Lucanus
1435 2772 1498 2808 lx.
1522 2772 1602 2818 766.
1705 2775 1708 2778 '
