1708 3106
1277 135 1301 162 C

186 167 282 216 258
710 165 1086 216 PHORMIO.

182 300 494 361 Remiserim,
524 319 660 370 quae
683 298 816 351 dotis
835 301 1135 364 tantundem
1159 308 1200 367 8)
1237 303 1404 356 dabat.

179 370 282 418 DE.
317 374 334 417 1
354 369 502 421 hinc
489 389 543 418 iu
564 369 748 419 malam
765 388 870 419 rem
893 389 1010 420 cum
1030 362 1150 422 istac
1171 372 1548 440 magnificentia
1569 367 1612 439 9)

181 438 422 504 Fugitive.
490 439 655 488 Etiam
678 456 818 489 nunc
837 438 1001 489 credis
1026 453 1076 488 te
1098 441 1390 506 ignorarier,

184 512 289 555 Aut
317 520 408 556 tua
437 505 572 557 facta
601 505 765 555 adeo?
832 507 982 556 ΡΗΟ.
1024 509 1211 558 Irritor.
1234 512 1296 570 ¹⁰)
1361 513 1460 560 DE.
1489 514 1614 562 Tun

539 573 671 624 hanc
693 573 905 624 duceres

108 655 164 703 4ο
180 643 229 692 Si
252 640 343 692 tibi
364 640 483 692 data
495 643 688 759 essetf}l
718 644 863 692 ΡΗΟ.
898 647 936 691 F
939 661 999 694 ac
1017 643 1316 711 periculum
1338 652 1396 709 ¹¹)
1431 647 1537 698 DE.
1555 651 1613 711 ¹⁵²)

539 723 601 759 ut
677 726 758 759 lus

183 781 311 827 Cum
341 776 428 827 illa
468 776 663 828 habitet
701 777 840 845 apud
870 774 920 828 te
959 777 1061 829 hoo
1094 780 1320 829 nostrum
1351 774 1621 831 confilium*
1669 827 1674 831 .

543 846 648 895 fuit.

180 917 328 964 ΡΗΟ.
363 914 559 982 Quaeso
597 913 723 981 quid
753 918 967 964 narras?
1019 913 1123 964 DE.
1148 916 1283 981 Quin
1314 930 1374 967 tu
1393 916 1518 966 mihi
1539 934 1615 967 ar·

541 995 746 1048 gentum
766 982 894 1032 cedo
922 987 979 1044 ¹3)

168 1050 327 1100 PHO.
363 1055 521 1100 Immo
542 1068 662 1100 ver-0
692 1067 746 1099 tu
769 1068 980 1099 uxorem
1001 1049 1140 1100 cedo.
1208 1050 1311 1100 DE.
1334 1055 1391 1100 In
1411 1053 1494 1102 ius
1515 1070 1616 1103 am-

541 1117 678 1167 bula.

181 1188 422 1236 PHO.1n
456 1188 553 1236 ius.
595 1189 860 1236 Enimvero
896 1187 956 1249 ’4)
997 1183 1033 1234 fi
1061 1204 1218 1254 porro
1242 1188 1339 1284 esse
1368 1186 1525 1238 odiosi
1558 1193 1616 1252 ¹5)

583 1255 756 1319 ergitis

110 1332 167 1384 46
182 1322 283 1371 DE.
320 1322 456 1371 Ouid
487 1274 705 1376 [ἃςξιεεϊ
744 1322 894 1371 ΡΗΟ.
924 1322 1132 1388 Egone?
1176 1303 1281 1372 Vos
1316 1341 1397 1372 me
1423 1322 1635 1389 111110111-ι

546 1392 610 1440 tis
644 1387 701 1450 ¹6)
734 1389 887 1439 modo

180 1458 498 1508 Patrocinari
526 1466 583 1521 ¹7)
619 1459 812 1508 fortasse
834 1457 1160 1508 arbitra-mini.

185 1528 353 1576 Etiam
383 1527 571 1576 dotatis
605 1527 751 1576 soleo
787 1531 844 1588 ¹8)
925 1530 1024 1575 CH.
1067 1524 1208 1594 Quid
1240 1524 1292 1575 id
1322 1526 1524 1577 nostra?
1556 1529 1618 1589 ¹9)

548 1598 696 1644 ΡΗΟ.
715 1604 775 1657 2⁰)
810 1593 964 1644 Nihil.

186 1664 284 1712 Hic
319 1662 575 1730 quandam
609 1671 671 1724 2¹)
716 1681 894 1712 noram
924 1665 1074 1726 euius
1108 1663 1186 1712 vir
1218 1679 1439 1713 uxorem.
1517 1666 1618 1713 CH.

546 1735 690 1780 Hem.
767 1732 874 1778 DE.
911 1730 1034 1797 quid
1059 1732 1162 1778 est?

184 1798 335 1847 ΡΗΟ.
356 1799 527 1847 Lemni
551 1798 730 1847 habuit
750 1797 911 1846 aliem.
979 1801 1078 1845 CH.
1099 1795 1288 1846 Nullus
1310 1797 1426 1846 sum.
1470 1799 1614 1848 ΡΗΟ.

544 1869 616 1914 Ex
640 1883 744 1933 qua
766 1864 921 1918 filiam
1166 1910 1168 1912 ,

113 1944 166 1985 50
183 1933 408 1999 Suscepit
428 1947 479 1983 et
496 1950 606 1983 eam
628 1935 757 1984 clam
780 1932 1022 1983 educat.-
1047 1932 1145 1981 CH.
1181 1930 1422 1999 Sepultus
1442 1933 1548 1982 sum

245 2066 288 2113 8)
314 2066 418 2101 ΧΧΧ
443 2061 562 2102 minas
629 2068 673 2114 9)
699 2080 770 2115 qua
790 2080 857 2103 nos
878 2063 1090 2111 magnificas
1149 2065 1210 2111 ιο)
1235 2063 1391 2102 deludor
1448 2068 1510 2113 11)
1536 2082 1619 2115 pro-

298 2122 483 2158 bationem
535 2124 597 2170 12)
614 2125 783 2171 yronicos
833 2119 893 2170 13)
913 2120 1026 2158 redde
1078 2121 1140 2167 14)
1157 2121 1200 2156 ἰιι
1213 2122 1269 2158 ius
1289 2121 1419 2157 vadam
1469 2126 1619 2173 15)per-

292 2179 459 2216 {evernis
481 2181 520 2216 in
537 2181 673 2217 duritia
723 2183 780 2223 16)
807 2180 932 2216 dotem
954 2191 1072 2214 meam
1093 2178 1240 2214 aufertis
1292 2184 1347 2225 ¹7)
1368 2184 1430 2215 me'
1475 2184 1537 2228 13)
1556 2195 1618 2230 ρι-

294 2237 470 2273 trocinari
499 2251 576 2274 non
607 2239 722 2275 solum
753 2238 929 2274 indotatis
960 2235 1021 2272 [ed
1051 2237 1160 2271 etiam
1190 2235 1325 2270 dotatis
1375 2236 1436 2283 19)
1460 2238 1549 2284 quid
1569 2239 1617 2274 ad

294 2305 363 2328 nos
385 2295 543 2340 pertinet
587 2300 647 2342 20)
675 2298 745 2332 Hic
775 2298 849 2331 iam
877 2294 1009 2342 incipit
1038 2292 1224 2345 denudate
1245 2292 1388 2327 cauum
1409 2293 1615 2332 Chremetis

294 2349 341 2386 de
367 2363 477 2386 uxore
524 2357 583 2395 21)
611 2353 789 2392 dotatam.

803 2430 985 2441 ..—

182 2497 261 2519 rum
281 2484 463 2533 loquitur,
504 2485 592 2521 dein
611 2489 721 2523 etiam
739 2488 861 2525 dicere
935 2487 1053 2522 larum
1083 2494 1119 2520 et
1145 2484 1332 2530 regionum
1359 2485 1614 2523 construuntur

183 2552 383 2588 coeperunt
410 2546 450 2579 in
476 2542 672 2586 honor-em,
708 2550 748 2583 in
765 2559 859 2593 gra·
936 2555 977 2579 ut
995 2541 1147 2577 nomina
1167 2540 1323 2575 urbium.
1342 2541 1440 2589 Nep.
1461 2542 1498 2577 iu
1512 2543 1609 2579 Milt.

182 2601 277 2633 ciam
306 2600 469 2636 alicuius
494 2603 639 2647 faeere.
668 2615 699 2639 v.
717 2603 859 2638 Duker.
936 2614 967 2635 c.
997 2613 1027 2637 τι.
1058 2600 1207 2635 domum
1242 2598 1452 2645 Chersbnrfi
1478 2599 1612 2638 habere

182 2652 229 2687 ad
248 2654 337 2688 Flor.
356 2656 384 2691 Ι.
405 2663 437 2697 3.
458 2670 493 2703 p.
512 2666 570 2702 42.
933 2657 1060 2692 Justin.
1089 2657 1255 2691 XXXIX.
1284 2662 1319 2699 4.
1354 2657 1451 2692 bello
1489 2659 1612 2705 Cypri

225 2717 282 2755 49-
313 2714 439 2749 Lemni
459 2714 588 2751 habuit
608 2715 751 2759 aliam]
792 2727 857 2761 pro
933 2717 1163 2761 exsulantem
1182 2713 1424 2761 persequitur.
1446 2725 1478 2747 v.
1502 2713 1607 2748 Vols.

177 2768 219 2802 in
245 2768 391 2804 Lemno.
439 2765 555 2818 Sa'epe
581 2772 733 2805 nomina
764 2770 858 2805 insu·
935 2771 981 2805 de
1003 2771 1193 2805 conliniet.
1224 2782 1252 2805 c.
1273 2778 1329 2812 25.
