1708 3106
210 203 226 232 1
243 180 304 230 28
745 181 797 227 H
808 181 843 227 E
859 181 894 227 C
906 182 945 226 Y
958 175 1047 228 ΒΑ
1059 216 1072 229 .

201 324 381 369 Laetae
411 319 476 377 83)
518 314 812 365 exclamant.
889 315 1050 373 Venit,
1079 316 1141 376 84)
1187 314 1241 364 id
1260 319 1323 378 85)
1367 313 1512 383 quod
1546 333 1627 365 me

565 384 627 435 de
647 389 684 445 *)
718 396 924 450 repente
951 383 1254 449 aspexerant.

201 454 295 505 Sed
311 455 556 504 continuo
576 451 771 502 vultum
786 469 959 500 earum
974 450 1092 499 senfi
1110 453 1368 501 immutari
1388 451 1627 510 omnium,

136 548 185 574 ιο
202 525 334 591 Quia
352 536 458 571 tam
479 519 797 569 incommode
818 516 879 578 36)
912 517 1011 568 illis
1030 519 1134 569 fors
1157 519 1415 571 obtulerat
1445 518 1628 571 adven·

565 603 671 637 tum
693 605 874 636 meum.

205 662 322 708 Una
369 658 569 707 illarum
610 656 735 704 forte
779 657 974 705 interea
1006 673 1224 724 propere
1264 659 1551 724 praecurrit
1585 654 1629 724 ²⁸)

565 739 807 772 nuntlans

203 799 290 844 Me
317 794 508 845 venisse.

575 796 678 857 Ego
713 792 822 840 eius
845 797 906 853 87)
939 792 1128 842 visendi
1149 795 1212 856 88)
1236 790 1276 856 *)
1312 792 1532 861 cupidus
1555 810 1628 843 re-

566 874 648 909 cta
665 865 726 920 89)
758 862 1049 928 consequor.
1623 898 1629 903 .

203 931 474 998 Postquam
495 927 669 977 introii
691 929 940 995 extemplo
963 930 1074 979 eius
1098 929 1334 980 morbum
1345 934 1409 992 90)
1446 947 1629 996 cogno·
1688 974 1696 982 .

565 997 614 1046 vi
639 996 791 1053 miser,

203 1070 338 1118 Nam
357 1083 524 1133 neque
543 1078 602 1113 ut
622 1062 775 1112 celari
802 1064 960 1130 posset
993 1077 1207 1132 tempus,
1227 1067 1272 1125 *)
1308 1066 1524 1133 spatium
1558 1065 1630 1116 ul

563 1132 670 1180 lum
707 1130 874 1189 dabat,

138 1215 188 1255 15
203 1207 386 1270 Neque
406 1218 532 1252 voce
554 1199 652 1249 alia
674 1217 734 1248 ac
757 1217 836 1248 res
858 1198 925 1263 9¹)
959 1199 1201 1251 monebat
1221 1202 1324 1269 ipsa
1344 1214 1549 1269 poterat
1567 1206 1631 1264 9²)

564 1285 822 1334 eoanerl.

206 1339 477 1409 Postquam
496 1336 682 1402 aspexi,
718 1353 749 1384 o
783 1334 980 1386 facinus
1013 1342 1076 1399 93)
1122 1335 1434 1404 indignum'
1417 1356 1631 1408 mquam

565 1419 616 1452 et
637 1402 863 1468 corripui
883 1408 945 1465 94)
990 1404 1122 1471 ilieo,

206 1479 294 1524 Me
319 1472 435 1522 inde
454 1471 761 1528 lacrumans,
786 1467 1071 1523 incredibili
1092 1491 1149 1523 re
1171 1486 1326 1542 atque
1346 1475 1508 1526 atroci
1526 1493 1633 1544 per-

566 1541 724 1596 citus;
751 1542 816 1606 9⁵)

209 1610 375 1660 Mater
397 1605 459 1669 96)
506 1609 843 1673 consequitur.

272 1799 339 1843 83)
364 1797 415 1832 ita
462 1796 527 1840 84)
549 1795 764 1842 Pamphilus
821 1796 887 1841 85)
914 1795 999 1831 ideo
1031 1783 1033 1787 Ι

510 1853 575 1897 86)
617 1853 807 1899 inopinate
864 1853 900 1898 ⁶)

317 1855 440 1892 Bencl.

910 1613 1015 1658 Iam
1052 1621 1112 1658 ut
1142 1606 1297 1658 limen
1326 1609 1536 1670 exirem,
1568 1607 1635 1669 ad

565 1693 730 1740 genua
756 1675 941 1725 accidit

1056 1796 1096 1842 ⁸¹)
1117 1797 1209 1833 edit.
1234 1811 1306 1841 om.
1335 1796 1382 1832 d·
1401 1790 1634 1840 idm-abanec

948 1854 1038 1890 edic.
1081 1853 1326 1900 praecucurrit
1366 1855 1474 1899 prob.
1511 1857 1634 1896 Bentl-

316 1911 382 1953 87)
406 1908 645 1944 Philumenae
691 1909 756 1956 38)
784 1911 839 1946 vel
869 1909 1022 1945 videndi
1074 1910 1104 1951 ⁸)
1135 1911 1228 1946 edic.
1262 1922 1299 1946 et
1331 1912 1454 1948 Benel.
1482 1913 1634 1952 videndi

313 1970 374 2012 39)
398 1977 494 2002 recte
563 1971 627 2013 9ο)
655 1977 797 2014 partum
834 1967 867 2008 ¹⁸)
896 1969 988 2004 edit.
1019 1977 1055 2002 et
1082 1969 1200 2004 Bencl.
1231 1968 1384 2016 dzsting.
1411 1975 1494 2018 post
1520 1973 1635 2020 pollet

315 2028 375 2070 9¹)
394 2036 502 2071 quam
524 2023 630 2058 dolor
651 2025 880 2069 parturientis
916 2024 983 2071 92)
1000 2024 1232 2071 parturientis
1253 2025 1408 2070 gemitu·
1441 2029 1507 2075 93)
1519 2030 1636 2066 exch-

313 2082 429 2125 matio
475 2085 536 2127 94)
559 2079 710 2129 egressus
730 2080 806 2116 [um
823 2080 912 2116 inde
955 2082 1021 2127 95)
1041 2079 1221 2128 perculsu·
1268 2082 1335 2128 96)
1356 2081 1612 2123 Philumenae.

257 2220 315 2243 ιο.
342 2207 555 2248 obtulerat]
603 2205 725 2242 offerri
759 2206 886 2242 dicun-

210 2277 288 2305 tur,
334 2276 571 2311 quaecunque
601 2275 741 2310 praeter
766 2264 886 2312 exspe-

213 2323 409 2359 ctationem
430 2321 664 2360 obiiciuntur,
682 2320 751 2357 slve
772 2321 881 2363 bona,

210 2380 280 2415 five
302 2378 409 2412 mala.
428 2390 460 2411 v.
481 2377 619 2414 Donat.
638 2379 684 2413 ad
707 2378 744 2413 h.
765 2379 790 2414 l.

262 2449 314 2471 12.
350 2438 429 2470 eius
456 2435 639 2479 videndi]
687 2449 761 2471 nou
791 2450 883 2484 opu·

212 2492 262 2527 est
288 2491 403 2536 legere
430 2492 628 2527 videndae.
688 2494 884 2530 Rationem

212 2547 489 2583 constructionis
545 2550 728 2595 explicant
796 2551 885 2585 Sau-

213 2605 305 2640 ctius
327 2604 363 2637 in
377 2604 539 2638 Minerva
558 2607 621 2642 111.
642 2616 675 2648 8.
696 2621 731 2655 p.
752 2615 831 2652 458.
849 2618 885 2643 et

212 2661 264 2695 ibi
283 2661 444 2696 Perizon.

262 2732 313 2764 ¹7·
337 2721 523 2763 percitus]
579 2720 603 2753 i.
634 2734 663 2755 e.
696 2719 891 2754 vehemen-

211 2786 265 2812 ter
300 2787 515 2813 commotus.
547 2778 689 2811 Lucret.
727 2777 772 2812 V.
802 2783 885 2822 4002

960 2209 1022 2242 ira
1049 2218 1128 2242 cum
1153 2208 1319 2248 percitus
1345 2211 1438 2247 acri.
1459 2209 1539 2247 eie.
1565 2225 1634 2261 pro

959 2262 1104 2299 Milone
1132 2275 1162 2296 c.
1192 2271 1248 2305 23.
1275 2266 1424 2303 animus
1448 2269 1572 2307 iratus
1595 2283 1636 2309 et

961 2322 1138 2361 percitus.
1157 2319 1234 2353 [μὶν.
1259 2321 1320 2354 VI.
1339 2328 1396 2363 38.
1417 2335 1495 2369 tum
1512 2331 1634 2371 ρξ’-οἰ.

961 2389 1023 2414 ιω·
1043 2380 1105 2413 ira
1119 2378 1306 2414 Camillus
1322 2377 1386 2412 ubi
1398 2391 1430 2414 v.
1441 2381 1635 2421 Drakenb-

1009 2442 1062 2476 ¹8·
1088 2436 1199 2471 limen
1219 2435 1385 2480 exirem]
1430 2440 1636 2478 notandum

961 2490 1011 2527 est
1029 2494 1135 2528 exire
1160 2492 1275 2529 limen
1294 2504 1359 2538 pro
1387 2493 1483 2530 exire
1504 2496 1636 2534 limine

960 2549 1017 2585 vel
1035 2549 1081 2584 de
1098 2548 1238 2586 limine.
1286 2550 1425 2585 Eodem
1448 2552 1560 2589 modo
1579 2553 1634 2590 di-

962 2608 1055 2641 citur
1072 2607 1204 2653 egredi
1219 2618 1387 2650 portam,
1413 2610 1551 2646 urbem.

1007 2665 1059 2699 ad
1085 2676 1207 2710 genua
1227 2666 1392 2706 accidie]
1441 2669 1493 2701 ad
1507 2678 1635 2713 genua

960 2722 1129 2756 accidere
1148 2721 1200 2754 vel
1219 2722 1376 2767 genibus
1396 2724 1564 2759 accidere
1581 2723 1636 2762 est

962 2778 1000 2810 in
1021 2789 1137 2822 genua
1158 2778 1404 2824 procumbere,
1429 2777 1635 2827 supplican-
