1708 3106
186 160 279 209 138
727 159 1055 209 HECYRA.

178 293 271 342 LA.
306 291 565 360 Pamphile
599 292 734 342 haud
758 294 919 344 invito
956 294 1022 344 ad
1042 295 1179 346 auris
1203 292 1268 359 93)
1304 296 1458 347 sermo
1475 295 1602 348 mihi

537 361 732 411 accesht
757 376 906 411 tuus·
896 400 907 420 ‚

176 434 300 480 Cum
328 445 378 480 te
410 431 711 509 postputasse
737 435 800 492 94)
837 431 999 480 omnis
1031 449 1113 482 res
1148 448 1272 500 prae
1302 445 1513 501 p‘arente
1535 438 1600 497 95)

173 570 361 616 Verum
380 566 494 618 vide
516 501 585 682 nie}
595 497 877 682 titlsililfiiucisus'
864 581 961 627 ira,
980 565 1043 630 96)
1077 586 1231 636 prave
1251 567 1440 619 infistas
1457 572 1598 623 Pam·

686 645 729 679 97

103 711 159 755 35
173 706 323 752 PAM.
360 654 564 819 Quibu}
581 653 679 752 liii}
711 643 955 768 iinpulsus
986 722 1125 753 nunc
1150 704 1204 753 in
1226 703 1397 753 illam
1383 705 1596 773 miquus

176 845 321 908 Quae
349 790 916 908 nunqueiss'quicquam
947 856 1063 906 erge
1087 857 1166 889 me
1198 841 1499 890 commerita
1528 835 1602 891 est

573 921 681 957 ater

174 975 327 1043 Quod
352 927 568 1034 nollemp
606 989 658 1024 et
678 976 820 1042 saepe
843 976 1069 1025 meritam
1074 975 1238 1053 quod
1258 974 1438 1026 vellem
1461 976 1597 1026 scio?

175 1052 409 1111 Amoque
432 1057 483 1093 et
501 1042 658 1093 laudo
679 1058 729 1093 et
745 1035 1090 1094 vehementer
1093 1043 1327 1094 desidero.
1346 1049 1410 1104 98)

173 1115 306 1163 Nam
337 1113 473 1161 fuisse
522 1129 641 1179 erga
676 1130 757 1161 me
774 1118 835 1175 99)
878 1114 1005 1160 miro
1039 1113 1242 1177 ingenio
1271 1116 1310 1175 ¹)
1357 1125 1595 1180 expertus

529 1181 647 1229 sum.

98 1265 154 1313 40
169 1249 348 1315 Illique
369 1262 555 1327 exopto
578 1262 636 1298 ut
670 1247 918 1327 reliquam
941 1247 1095 1296 vitam
1115 1248 1284 1314 exigat

169 1321 291 1366 Eum
319 1336 379 1366 eo
401 1320 508 1366 viro
528 1334 607 1366 me
632 1319 720 1383 qui
740 1315 795 1365 fit
815 1316 1145 1373 fortunatior,

174 1385 602 1463 Quandoquidem
622 1383 758 1433 illam
784 1403 811 1434 a
833 1401 911 1432 me
935 1383 1160 1433 distrahit
1184 1388 1223 1446 2)
1257 1382 1528 1435 necessitas.
1572 1398 1580 1401 “

168 1458 269 1503 PH.
313 1454 436 1503 Tibi
467 1454 559 1502 id
547 1472 599 1501 m
634 1471 787 1502 manu
818 1454 888 1500 elt
919 1469 981 1500 ne
1011 1450 1111 1501 fiat
1136 1457 1174 1514 3)
1243 1452 1336 1501 LA.
1370 1453 1421 1501 Si
1441 1455 1590 1504 sanus

326 1542 337 1545 *
527 1523 642 1571 satis
666 1524 703 1582 *)
730 1522 844 1576 sies,

169 1589 293 1640 Iube
351 1590 485 1638 illam
540 1590 714 1638 redire.
813 1588 964 1638 PAM.
1030 1591 1153 1638 Non
1210 1588 1279 1638 est
1331 1587 1592 1639 confilium

528 1674 682 1723 pater.

97 1739 153 1790 45
167 1727 348 1777 Matris
375 1725 567 1777 servibo
594 1724 887 1775 commodis.
955 1722 1044 1773 LA.
1078 1726 1194 1789 Quo
1228 1725 1372 1776 abis?
1414 1729 1591 1785 Mane,

226 1874 291 1920 93)
316 1870 534 1907 accusativus
581 1873 647 1918 94)
671 1871 915 1920 posthabuisse
961 1873 1029 1918 95)
1056 1882 1169 1908 matre
1214 1873 1281 1919 96)
1308 1885 1435 1910 eontra
1462 1875 1588 1911 Philu-

272 1942 418 1964 menam
476 1931 542 1976 97)
566 1942 588 1964 ο
610 1929 801 1977 Pamphile
855 1934 915 1976 98)
940 1929 995 1963 illi
1014 1928 1110 1964 bene
1130 1926 1199 1963 effe
1244 1930 1311 1976 99)
1334 1931 1590 1970 Philumenam

278 1991 311 2027 ι)
339 1986 438 2021 fideli
485 1987 527 2033 2)
552 1985 690 2035 separat
737 1989 777 2034 3)
803 2000 848 2022 ne
877 1986 1058 2035 separetur
1101 1987 1140 2034 ⁸)
1162 1989 1220 2024 ed.
1247 2003 1318 2028 om.
1346 1987 1453 2026 sanus
1480 1993 1589 2037 prob.

278 2046 402 2081 Bentl.

213 2199 268 2232 32.
311 2193 434 2236 fi-rmo
470 2191 644 2238 acc-effic]
690 2201 788 2227 tecte
821 2205 841 2226 e
916 2191 1009 2232 fico,
1049 2190 1219 2237 singulari
1245 2191 1347 2238 virg.
1378 2194 1468 2230 Aen.
1488 2197 1588 2234 vm.

165 2246 247 2283 ΜΠ.
265 2247 471 2282 emendavit
487 2248 687 2283 Palmerius
707 2251 759 2285 ad
776 2263 842 2286 au·
915 2258 972 2292 57.
994 2250 1158 2296 adiungi
1172 2263 1349 2296 generum
1377 2256 1472 2290 miro
1497 2268 1598 2300 pro·-

164 2321 226 2342 νει
266 2306 356 2341 mihi
389 2310 512 2352 ser-mo
556 2308 695 2342 accidit
737 2319 839 2343 tuus.
914 2307 1069 2352 perabat
1091 2320 1226 2342 amore.

165 2364 266 2399 Haec
292 2363 388 2397 enim
412 2363 461 2397 est
480 2363 643 2409 legitima
662 2364 840 2413 loquendi
962 2370 1020 2408 44
1049 2377 1123 2400 non
1146 2364 1198 2407 eft:
1223 2363 1441 2410 confilium]
1487 2365 1530 2403 h.
1556 2376 1590 2405 e.

165 2420 294 2455 forma.
324 2419 438 2454 Rutil.
461 2422 555 2467 Lup.
576 2423 605 2456 1.
635 2431 690 2465 53.
712 2425 756 2458 id
779 2437 841 2459 ve·
916 2435 992 2457 non
1012 2421 1061 2456 est
1080 2421 1234 2459 animus,
1263 2434 1339 2455 non
1360 2421 1410 2457 est
1430 2423 1590 2471 proposi·

165 2477 347 2513 trementer
358 2480 558 2515 iucundum
576 2481 730 2516 auribus
741 2483 840 2516 acci·
914 2489 1006 2516 tum.
1023 2479 1138 2515 Plaut.
1157 2479 1195 2513 in
1206 2478 1287 2515 Mil.
1307 2480 1354 2514 11.
1373 2487 1406 2522 3.
1427 2488 1483 2524 73.
1504 2494 1590 2518 eon·

166 2535 252 2570 dere
277 2536 464 2577 consuevit
483 2535 545 2571 ubi
565 2549 596 2571 v.
626 2549 718 2584 quae
736 2549 841 2573 nota-
905 2538 1039 2583 filium
1068 2540 1118 2584 esc
1147 2539 1205 2573 ica
1219 2538 1332 2581 facer
1313 2551 1353 2572 re
1377 2521 1532 2574 Sallust.
1548 2537 1589 2573 in

164 2591 294 2625 vimus.
915 2594 1026 2630 Catil.
1048 2607 1080 2629 c.
1096 2599 1131 2638 4.
1143 2595 1314 2638 nonfuit
1325 2595 1588 2642 consiliumso-

211 2653 267 2690 34.
291 2647 467 2694 insistas]
515 2649 541 2689 ἰ.
561 2663 593 2686 e.
612 2651 838 2700 propositum
914 2653 1047 2688 cordia
1095 2663 1206 2699 atque
1259 2651 1406 2696 desidia
1453 2652 1588 2687 bonum

163 2704 401 2755 prosequaris.
791 2732 794 2735 -
914 2711 1033 2746 otium
1051 2720 1239 2746 conterere
1255 2707 1317 2743 ubi
1337 2721 1370 2744 v.
1385 2708 1564 2745 Curtium.

210 2770 267 2809 39.
294 2765 387 2799 miro
408 2764 583 2810 ingenio]
642 2765 667 2800 i.
687 2778 718 2802 e.
741 2765 840 2802 miri·
