1708 3106
225 156 321 202 236
750 152 1119 200 PHORMIO.

151 312 201 339 ,ο
215 296 318 338 Aut
341 289 599 337 nominare
620 304 828 335 uxorem
842 290 864 335 ?
902 287 1089 336 Iniecta
1103 288 1168 346 45)
1203 287 1273 337 est
1294 287 1401 355 spes
1424 289 1566 356 patri,
1578 286 1646 350 46)

219 358 357 406 Posse
375 356 510 405 illam
533 355 744 404 extrudi.
765 360 828 416 47)
896 356 1031 404 Cedo
1053 358 1116 418 48)
1147 373 1285 406 nunc
1303 372 1472 423 porro,
1492 358 1644 409 Phor-

578 441 679 472 mio

219 496 403 542 Dotem
433 489 462 538 fi
484 492 719 556 accipiet,
755 509 887 540 uxor
914 490 1145 540 ducenda
1164 494 1229 552 49)
1262 493 1331 542 est
1353 493 1573 543 domum.

216 561 352 628 Quid
386 558 503 608 fiet?
582 560 680 607 GE.
715 563 834 609 Non
865 560 998 607 enim
1033 561 1195 611 ducet.
1227 565 1288 622 5⁰)
1353 565 1458 611 AN.
1492 563 1644 613 Novi.

426 682 429 684 ,
578 630 845 676 Caeterum
1201 654 1206 660 ·

219 701 342 746 Cum
372 707 634 761 argentum
656 710 897 762 repetent,
915 699 977 751 5¹)
1011 697 1176 745 nostra
1197 697 1346 746 causa
1369 695 1554 746 scilicet

153 772 270 816 15¹1]
298 781 502 812 nervum
516 767 578 815 5²)
611 766 786 829 potius
813 764 916 813 ibit.
960 767 1056 811 GE.
1081 764 1219 814 Nihil
1232 767 1295 824 53)
1318 765 1387 813 est
1406 765 1642 832 Antipho,

215 835 350 899 Quin
370 834 432 889 64)
464 830 593 879 male
615 831 868 880 narrando
891 830 1036 899 possit
1057 831 1388 898 depravarier.

216 907 302 949 'fu
316 901 363 948 id
382 899 524 967 quod
543 898 666 948 boni
679 900 820 959 est55)
844 901 1087 966 excerpis,
1117 901 1242 949 dicis
1268 900 1409 968 quod
1428 900 1544 949 mali
1561 902 1642 950 est.

218 968 353 1018 Audi
378 985 517 1016 nunc
547 981 726 1016 contra
747 969 859 1016 iarn.
883 967 948 1024 56)
1017 969 1067 1016 Si
1092 982 1352 1034 argentum
1379 971 1641 1036 acceperit,

223 1035 479 1088 Ducenda
504 1036 572 1084 est
592 1054 723 1084 uxor
744 1050 804 1085 ut
826 1037 924 1092 ais3
961 1036 1190 1084 concedo
1223 1035 1326 1084 tibi.

145 1130 200 1158 20
214 1106 440 1174 Spatium
465 1103 672 1170 quidem
694 1103 897 1152 tandem
925 1103 1232 1168 apparandis
1263 1105 1472 1169 nuptiis,

214 1173 458 1228 vocandi,
479 1178 540 1233 5⁷)
566 1171 886 1222 'sacrificandi
916 1171 1203 1230 dabitur58)
1236 1171 1515 1237 paululum.

214 1249 412 1292 Interea
433 1245 497 1302 59)
533 1241 684 1289 amici
705 1241 845 1308 quod
868 1238 1082 1307 polliciti
1101 1241 1216 1289 [unt
1231 1240 1292 1303 ⁶⁰)
1327 1253 1588 1306 argentum
1605 1240 1642 1303 ¹¹)

575 1308 773 1357 dabunt
796 1307 859 1365 6Ι)
994 1319 998 1323 ’

209 1379 267 1430 Id
288 1377 369 1429 ille
388 1374 452 1440 62)
471 1377 507 1439 *)
541 1377 644 1426 istis
664 1375 727 1435 63)
763 1376 948 1426 reddet.
1018 1379 1123 1426 AN.
1155 1379 1318 1441 Quam
1343 1373 1409 1424 ob
1430 1373 1641 1440 rem'264)

573 1451 679 1494 Aut
699 1444 825 1515 quid
846 1444 999 1495 dicit?
1018 1443 1080 1509 65)
1147 1444 1242 1494 GE.
1262 1447 1464 1508 Rogas?

270 1584 337 1629 45)
362 1579 518 1616 immissa
539 1593 559 1615 a
578 1589 614 1614 te
659 1580 720 1622 46)
743 1592 825 1614 meo
883 1583 942 1622 47)
966 1578 1120 1624 separari
1139 1591 1161 1613 a
1181 1591 1240 1613 me
1296 1579 1362 1626 48)
1383 1576 1444 1613 die
1497 1577 1564 1624 49)
1591 1575 1638 1613 ad

318 1639 469 1675 domum
492 1636 723 1672 Phormionis
772 1640 834 1678 50)
860 1636 1033 1670 Phormio
1063 1636 1164 1670 illam
1211 1637 1271 1687 51)
1300 1646 1406 1683 pater
1425 1646 1462 1671 et
1487 1647 1637 1684 patruus

318 1709 422 1731 meus
445 1707 464 1729 a
485 1695 706 1730 Phormione
760 1697 820 1736 52)
845 1690 1026 1740 stuporem
1085 1694 1151 1738 53)
1176 1686 1280 1727 nul.
1304 1704 1359 1726 res
1415 1693 1482 1737 54)
1505 1703 1546 1728 ut
1563 1705 1639 1728 non

311 1758 372 1797 55)
416 1764 436 1785 a
463 1763 520 1784 me
551 1750 690 1784 dictum
755 1751 821 1795 56)
843 1750 925 1783 Hoc
956 1747 1103 1783 dicebat
1128 1759 1275 1795 propter
1294 1749 1545 1796 Antiphonem
1574 1750 1639 1797 qui

315 1807 452 1844 diversa
480 1807 698 1853 opinabatur
717 1817 751 1841 et
772 1806 910 1851 elegere
931 1803 1030 1852 poss'e
1050 1804 1368 1850 argumentabatur
1411 1809 1472 1850 57)
1499 1805 1636 1841 amico·

314 1870 375 1909 58)
403 1864 540 1910 argenti
565 1863 691 1897 lenoni
760 1862 825 1908 59)
853 1861 941 1896 dum
971 1861 1122 1906 nuptiae
1149 1870 1409 1908 praeparantur
1460 1861 1528 1907 60)
1547 1861 1641 1898 Phe-

315 1922 415 1957 driae
463 1923 496 1962 ⁴)
519 1922 609 1956 edit.
635 1923 756 1956 omitt.
783 1930 855 1964 arg.
882 1919 987 1963 proh.
1012 1919 1134 1956 Bentl.
1183 1917 1249 1963 6¹)
1285 1916 1324 1951 in
1351 1929 1442 1964 opus
1469 1918 1636 1966 nuptiale

310 1980 377 2025 62)
399 1976 556 2013 Phedria
605 1977 634 2017 ⁴¹)
655 1967 891 2012 edit-'amita
912 1974 975 2010 ille
1020 1976 1081 2018 63)
1097 1974 1223 2009 lenoni
1251 1984 1287 2010 et
1304 1973 1449 2021 puellae
1494 1976 1555 2019 64)
1574 1975 1637 2012 d...

310 2036 366 2071 bit
394 2046 498 2083 pater
528 2044 714 2079 argentum
772 2032 838 2077 65)
869 2045 979 2079 quam
1008 2031 1189 2067 rationem
1217 2029 1346 2066 reddet
1372 2030 1446 2066 istis
1476 2029 1635 2070 senibus.

313 2094 415 2132 Haec
434 2091 539 2127 verba
559 2089 722 2138 superius
742 2088 840 2124 dicta
860 2089 983 2126 reddit
1000 2089 1173 2126 Phormio
1190 2097 1231 2137 ug
1249 2086 1400 2123 deludat
1417 2098 1575 2145 tempus.

204 2239 399 2290 offendet-e
436 2245 583 2285 faciam
622 2241 723 2290 quod
750 2241 882 2284 facere
957 2255 1061 2277 ver-0.
1081 2240 1175 2275 infra
1191 2240 1237 2277 V.
1257 2252 1290 2285 7.
1310 2249 1370 2286 9ο.
1421 2242 1564 2286 Etenim
1573 2244 1634 2288 β-

201 2302 606 2349 praestante-‹scientia
626 2300 787 2334 medico.-
797 2301 880 2343 sae·
957 2301 1018 2335 lus
1050 2312 1197 2344 nequeo.
1243 2296 1359 2342 saepe
1384 2300 1481 2332 enim
1511 2297 1634 2332 adver-

201 2374 249 2405 pe
274 2361 381 2401 vidi;
416 2362 581 2394 altorum
610 2357 807 2392 vulnerum
829 2357 878 2389 ci·
958 2354 1060 2390 sandi
1088 2356 1159 2388 vim
1185 2353 1308 2388 habet.
1330 2352 1408 2386 Liv.
1429 2353 1543 2389 XXII.
1573 2362 1633 2396 25·

202 2420 360 2453 catrices
387 2417 581 2462 postquam
604 2425 722 2448 cutem
733 2415 881 2459 sanita·
957 2412 1080 2447 Valer-
1102 2411 1253 2446 Maxim.
1278 2411 1339 2443 ΙΙΙ.
1361 2422 1393 2453 7.
1413 2418 1447 2451 8.
1468 2422 1500 2444 v.
1523 2410 1632 2445 inter·

203 2485 240 2509 ee
258 2475 450 2510 duxerunt
470 2486 582 2508 manu
601 2472 783 2516 pendente
802 2482 883 2505 cra·
957 2480 1049 2517 pret.
1079 2467 1125 2502 ad
1147 2468 1223 2503 Liv.
1243 2466 1406 2501 XXXIV.
1431 2474 1487 2508 32.
1532 2466 1629 2502 Solis

200 2531 321 2565 ambo.
387 2530 585 2564 Eumenius
612 2528 650 2562 in
679 2529 810 2571 Paneg.
839 2526 878 2561 in
954 2526 1028 2560 lere
1049 2525 1219 2563 comicis.
1246 2534 1336 2570 quos
1356 2523 1529 2569 Apuleius
1549 2522 1631 2557 imi-

200 2586 392 2624 Constant.
419 2598 450 2621 c.
483 2592 534 2630 14.
555 2587 647 2635 quid
664 2586 814 2629 faciam
837 2594 879 2618 ut
953 2592 1061 2621 tatur,
1085 2581 1251 2617 usitatum
1272 2579 1332 2618 est,
1357 2578 1455 2614 hanc
1473 2579 1630 2629 partiqu-

200 2655 278 2679 [ατη
303 2644 501 2688 profunda
528 2645 690 2680 vulnera
705 2640 878 2689 fizspensa
939 2639 1026 2694 [hm
1056 2637 1310 2674 adversativam
1343 2636 1387 2672 ab
1417 2637 1525 2672 initio
1562 2648 1628 2684 po-

200 2715 310 2736 manu
330 2714 498 2736 tractem.
952 2709 1050 2732 nere.
1236 2706 1238 2708 ’
1582 2742 1586 2747 ¹

250 2765 304 2800 ¹3·
339 2757 460 2802 enim]
508 2757 658 2805 ponitur
684 2767 749 2803 pro
779 2756 876 2791 enim
1003 2766 1054 2799 ¹7·
1079 2751 1274 2797 excerpis]
1324 2750 1349 2786 i.
1372 2763 1404 2786 e.
1424 2749 1559 2798 carpis,
1583 2756 1628 2784 'ex
