1708 3106
239 118 336 177 248
592 110 624 150 -'
728 81 1132 175 VPHORM'IO.

234 249 422 302 Eamus
446 251 510 302 ad
529 253 681 320 ipsam
702 271 806 303 una
829 259 868 315 5)
903 274 1077 317 omnes
1099 274 1208 316 nos,
1229 258 1269 320 “)
1307 271 1398 308 aut
1419 257 1536 309 scire
1563 274 1661 311 aut:

594 323 779 371 nescire
807 323 906 373 hoc
928 323 1060 374 volo.·
1122 328 1220 374 CH.
1255 324 1334 374 Ah
1354 328 1415 387 **)

235 386 341 437 DE.
365 388 625 455 Quidest'?
658 393 756 439 CH.
776 391 916 440 Itane
936 410 1118 458 parum
1133 395 1218 453 ***)
1248 393 1372 442 mihi
1390 392 1538 444 fidem
1558 396 1651 445 esse

594 459 732 524 apud
752 471 811 508 te.
866 462 965 519 DE.
996 461 1081 509 Vis
1107 478 1185 510 me
1203 460 1303 511 hoc
1320 459 1379 525 †)
1414 463 1651 513 credere?
1681 484 1684 489 ·

237 524 333 573 Vin
376 524 490 574 satis
551 525 834 593 quaesitum
875 527 997 576 mihi
1040 529 1166 578 istuc
1216 531 1342 579 esse?
1401 536 1505 597 Age
1549 529 1652 590 fiat,

594 594 718 661 quid
745 592 839 658 ††)
882 594 970 644 illa
1000 594 1102 644 filia
1125 594 1166 657 6)

234 655 397 713 Amici
415 662 591 720 nostri,
627 661 753 728 quid
777 663 1006 712 futurum
1027 665 1130 712 est?
1189 667 1289 714 CH.
1318 666 1481 716 Recte.
1546 666 1651 716 DE.

586 729 719 779 hanc
744 730 784 792 7)
819 732 971 797 igitur
992 732 1270 781 mittimus?
1567 740 1571 744 ’

159 802 216 847 30
232 798 330 853 CH.
368 795 588 863 Quidni?
649 801 747 847 DE.
781 798 871 847 Illa
894 798 934 859 8)
978 804 1212 848 maneat?
1273 804 1373 848 CH.
1403 801 1496 851 Sic.
1553 804 1651 854 DE.

527 904 530 907 ,
588 871 661 914 Ire
684 867 836 931 igitur
855 866 974 916 licet
991 866 1084 915 tibi
1107 872 1146 927 9)
1182 867 1498 918 Nausistrata.

231 932 312 982 Sic
330 931 418 999 pol
437 933 752 983 commodius
779 928 870 982 esse
890 936 941 982 in
957 952 1131 986 omnes
1148 938 1208 1001 ¹⁰)
1238 936 1469 996 arbitror,
1494 955 1651 1005 quam

431 1013 433 1015 ’
595 1015 654 1051 ut
685 1020 926 1067 coeperas

230 1071 441 1117 Manere
460 1067 603 1120 hanc.
629 1073 685 1130 ¹¹)
751 1073 882 1120 Nam
908 1069 1217 1136 perliberalis
1238 1071 1337 1123 visa
1355 1072 1424 1121 est
1444 1090 1559 1122 cum
1583 1074 1650 1122 vi-

593 1137 642 1186 di
669 1142 725 1199 ¹²)
765 1138 901 1187 mihi.

227 1205 327 1253 DE.
363 1204 498 1269 Quid
522 1207 646 1255 istuc
675 1206 865 1271 negotii
890 1207 990 1254 est?
1059 1209 1158 1254 CH.
1177 1210 1346 1255 Iamne
1369 1208 1570 1273 operuit
1590 1210 1650 1269 ¹3)

558 1312 560 1314 v
589 1274 799 1323 ostium?
846 1277 948 1323 DE.
971 1279 1084 1322 Iam.
1133 1278 1230 1322 CH.
1251 1277 1294 1322 Ο
1313 1276 1551 1341 Iuppiter.

162 1398 165 1404 Ὺ
225 1340 312 1387 Dii
331 1357 426 1388 nos
450 1341 746 1406 respiciunt3
777 1355 978 1407 gnatam
1000 1342 1171 1392 inveni
1190 1356 1399 1409 nuptam
1418 1360 1535 1393 cum
1557 1356 1648 1394 tuo

588 1407 706 1458 filio.
772 1410 874 1458 DE.
903 1411 1043 1459 Hem.

155 1483 210 1536 35
227 1477 342 1541 Quo
375 1489 527 1542 pacto
560 1477 612 1525 id
645 1479 849 1544 potuit?
916 1482 1014 1527 CH.
1048 1481 1169 1527 Non
1190 1477 1307 1527 satis
1329 1490 1472 1528 tutus
1495 1480 1564 1529 est
1583 1479 1649 1533 ad

582 1545 893 1595 narrandum
913 1544 1074 1595 locus.
1102 1548 1160 1607 ¹4)
1224 1586 1228 1588 .
1282 1585 1285 1588 -

219 1612 320 1660 DE.
357 1615 424 1660 At
456 1626 514 1661 tu
548 1613 682 1662 intro
716 1612 810 1662 abi.
890 1614 984 1662 CH.
1028 1617 1172 1662 Heus
1212 1630 1277 1662 ne
1313 1610 1420 1662 filii·
1442 1612 1648 1682 quidem

588 1682 742 1730 nostri
761 1679 861 1731 hoc
884 1682 1146 1730 resciscant
1163 1679 1296 1737 volo.

281 1816 324 1859 5)
342 1812 446 1848 fimul
480 1813 516 1858 ⁴³)
535 1815 626 1849 edic.
649 1825 685 1849 et
699 1814 817 1849 Bentl-
840 1814 994 1859 discing.
1014 1815 1096 1858 post
1112 1823 1197 1845 una·
1230 1810 1282 1856 ⁴¹³)
1297 1812 1388 1847 edit·
1411 1811 1467 1846 Ha
1488 1815 1644 1859 impr-ob.

329 1872 453 1907 Benel.
490 1870 557 1915 *”)
576 1870 654 1904 edic
688 1881 724 1905 et
738 1871 856 1905 Bencl.
880 1879 1025 1914 parvam
1061 1869 1109 1913 ᾧ)
1128 1868 1218 1903 edit.
1241 1877 1276 1902 ee
1289 1868 1409 1904 Bencl.
1431 1873 1551 1908 omitt.
1571 1872 1645 1909 hoc

329 1927 410 1971 ††)
431 1926 519 1961 edit.
554 1937 589 1961 et
620 1920 739 1962 Bentl'.
772 1923 887 1973 quid?
932 1925 975 1970 6)
1002 1924 1047 1958 de
1074 1924 1137 1958 illa
1162 1924 1236 1959 filia
1255 1923 1311 1958 vel
1329 1922 1374 1958 de
1396 1934 1457 1960 tua
1476 1940 1570 1976 quae
1587 1943 1645 1966 ve-

328 1982 385 2017 nit
404 1981 449 2015 de
468 1984 607 2016 Lemno
635 1995 743 2030 quam
764 1980 909 2017 volebas
938 1991 978 2015 ut
995 1979 1143 2016 duceret
1167 1981 1343 2028 Antipho.
1389 1981 1472 2016 Hoc
1499 1997 1645 2033 propter

327 2038 588 2075 Naufistratam
615 2039 761 2075 dicebat
787 2037 850 2073 sub
881 2036 1033 2085 persona
1060 2038 1167 2073 amici
1215 2039 1256 2083 7)
1288 2038 1312 2072 i.
1342 2051 1374 2074 ο.
1401 2037 1511 2074 filiam
1543 2052 1643 2078 tuam

328 2106 423 2143 quae
451 2094 497 2130 de
525 2098 665 2131 Lemno
695 2097 802 2133 venit.
850 2095 1045 2141 Ignorabat
1074 2087 1195 2130 a'dhuc
1219 2093 1407 2140 Demipho
1434 2100 1540 2143 =quod
1568 2100 1644 2136 filia

329 2152 406 2186 eius
428 2151 512 2188 effet
560 2157 596 2195 8)
615 2153 795 2189 Phanium
842 2153 885 2199 9)
905 2152 952 2187 ad
969 2152 1118 2188 domum
1139 2163 1238 2188 tuam
1284 2154 1338 2194 ιο)
1356 2164 1422 2191 non
1475 2156 1536 2200 ιι)
1555 2155 1646 2192 Plu-

325 2208 430 2246 nium
479 2210 541 2258 η)
567 2222 647 2246 eam
698 2211 758 2254 13)
783 2210 909 2246 claufit
926 2209 1007 2259 post
1032 2209 1067 2247 se
1084 2208 1305 2247 Naufistrm
1353 2210 1415 2255 ¹4)
1440 2208 1502 2254 hic
1527 2211 1645 2258 locut,

267 2380 325 2414 26.
353 2391 420 2416 auc
439 2383 539 2426 scire
564 2391 631 2417 aut
659 2382 821 2427 nestit-e]
869 2380 895 2414 i.
971 2381 1032 2417 111.
1065 2392 1093 2415 1.
1120 2387 1154 2423 3.
1174 2380 1293 2425 fitne
1311 2380 1419 2429 quid.
1442 2394 1555 2430 nqeue
1571 2381 1641 2430 fic,

223 2449 254 2470 e.
278 2449 495 2484 quacunque
524 2438 665 2472 ratione
693 2436 793 2472 scire.
843 2437 898 2472 Si·-
962 2439 1061 2486 skire
1080 2439 1201 2482 cupio,

221 2492 320 2529 milio
332 2493 489 2530 formula
501 2493 598 2542 apud
610 2493 726 2530 Plaut.
740 2495 779 2530 in
788 2493 895 2542 Epid.
