1708 3106
492 191 629 237 Aer.
664 187 741 237 111.
810 187 978 238 Sczn.
1012 191 1067 236 11.
1391 204 1483 237 221

73 318 233 375 ΔΝΤ.
251 325 395 372 Certe
413 321 580 372 hercle
602 339 695 389 ego
716 319 749 370 fi
771 323 886 373 satis
906 322 1236 380 commemini,
1266 320 1357 371 tibi
1381 323 1490 390 qui-

429 389 540 439 dem
562 389 681 439 olim
707 391 775 439 est
793 390 898 440 dies

70 460 238 525 Quam
261 456 532 507 adderes**
532 456 551 519 )
582 457 704 507 huic
722 460 1024 524 praestituta.
1092 459 1232 505 PHE.
1265 459 1489 506 Factum.

426 527 535 573 Do,
553 527 692 574 Num
721 543 813 592 ego
842 528 967 576 istuc
990 529 1152 592 nego?

32 584 352 643 oANT.1am
374 609 434 642 ea
453 595 740 670 praeteriit?
749 567 894 642 ΟΒΟ.
915 596 1047 644 Non.
1083 596 1269 640 Verum
1292 589 1490 653 haecsss)

425 661 472 708 ei
492 659 555 717 69)
588 659 850 710 anteceffit.
872 666 932 722 70)
979 664 1134 711 ANT.
1159 663 1278 710 Non
1299 659 1455 725 pudet

72 727 353 777 Vanitatis?
403 729 513 776 DO.
536 729 744 776 Minime
766 729 887 778 dum
907 728 973 778 ob
994 747 1110 777 rem.
1129 731 1192 787 ⁷¹)
1242 731 1337 776 GE.
1360 731 1489 778 Ster-

424 794 659 845 cilinium.
679 796 801 857 7²)*)
870 800 971 845 PH.
1006 797 1183 846 Dorio.

69 863 211 912 Itane
237 861 438 912 tandem
470 863 632 913 facere
663 868 896 931 oportet?
962 868 1067 913 Do,
1098 866 1179 915 Sic
1207 863 1324 912 sum.
1356 867 1416 924 73)
1451 859 1488 912 fi

421 929 622 998 placeo,
655 946 810 981 utere.
844 931 908 994 74)

68 993 224 1049 ANT.
254 997 423 1048 Sicine
421 950 591 1048 phunc
618 999 684 1060 7⁵)
725 999 951 1065 decipis?
1012 999 1122 1047 DO.
1165 1003 1322 1047 Immo
1352 999 1488 1047 enim

28 1067 31 1069 ’
425 1083 547 1116 vero
569 1068 722 1133 Antip
725 1067 792 1116 ho
818 1067 899 1116 hic
917 1086 996 1116 me
1017 1068 1223 1130 decepit.
1242 1065 1283 1127 ⁴¹)

70 1135 205 1184 Nam
233 1130 317 1183 hic
342 1150 422 1182 me
449 1087 741 1184 huiusmodi
779 1136 870 1183 esse
892 1133 952 1199 76)
995 1134 1202 1192 sciebat,
1234 1151 1325 1200 ego
1347 1133 1487 1184 hunc

424 1202 517 1250 esse
541 1201 685 1251 aliter
705 1202 904 1251 credidi.
974 1204 979 1206 ’

66 1273 114 1318 Is
135 1285 214 1316 me
236 1266 424 1325 fefellit;
453 1286 546 1333 ego
565 1270 638 1317 isti
662 1269 819 1318 nihilo
839 1271 943 1317 sum
973 1267 1140 1323 aliter,
1169 1286 1229 1317 ac
1252 1275 1312 1329 77)
1346 1267 1419 1316 fui

67 1336 167 1388 Sed
198 1348 256 1383 ut
288 1348 346 1383 ut
362 1339 423 1395 78)
462 1334 587 1385 haec
624 1337 755 1394 sunt,
798 1351 966 1385 tamen
995 1335 1094 1385 hoc
1124 1336 1316 1385 faciam.
1372 1353 1484 1386 cras

425 1420 574 1451 mane
593 1414 852 1470 argentum
875 1403 997 1452 mihi

139 1523 193 1564 ’ἢ
213 1523 309 1559 edit.
336 1521 383 1557 ad
403 1521 518 1560 dares.
562 1524 622 1566 68)
649 1523 726 1559 dies
771 1524 838 1572 69)
862 1523 938 1558 dixi
987 1525 1053 1569 7⁰)
1081 1522 1266 1559 antecedit
1319 1525 1384 1571 7¹)
1410 1522 1485 1560 hoc

92 1602 98 1607 ·
176 1591 246 1625 ago
291 1580 355 1625 7²)
372 1580 576 1615 convicium
595 1582 634 1616 in
654 1581 794 1630 donum
814 1593 850 1617 et
868 1581 1017 1626 antique
1034 1593 1100 1627 pro
1111 1579 1375 1627 sterquilinium
1392 1581 1486 1618 dixit

174 1639 211 1672 ci
232 1634 469 1672 stercilinium
530 1638 561 1678 ³)
585 1639 678 1675 edit.
703 1638 903 1686 sterquilin.
931 1639 1087 1682 improb.
1116 1639 1238 1674 Beate.
1309 1643 1367 1683 73)
1400 1638 1484 1675 talis

172 1696 232 1739 74)
261 1705 320 1727 me
388 1699 446 1739 75)
470 1692 666 1729 Phedriam
729 1695 759 1736 ³)
781 1696 872 1733 edic.
898 1707 935 1732 ει
963 1697 1084 1733 Βειιιὶ.
1109 1694 1247 1742 decipit
1301 1696 1359 1742 76)
1384 1697 1488 1731 leno-

169 1761 257 1786 nem
302 1743 367 1795 77)
390 1761 500 1797 quam
545 1755 604 1797 78)
628 1763 826 1799 utcunque.

115 1880 173 1920 39-
204 1875 322 1920 Quam
339 1873 395 1911 ad
412 1873 547 1916 dares]
572 1875 626 1910 ad
643 1876 741 1912 diem
860 1877 906 1913 ob
915 1877 1009 1922 rem]
1035 1876 1060 1911 i.
1077 1889 1107 1911 e.
1121 1875 1168 1912 ob
1179 1875 1387 1912 utilitatem.
1409 1875 1487 1910 Sal-

71 1929 181 1970 dm.
203 1931 355 1976 thaere
372 1928 423 1964 est
448 1930 656 1976 praestituta
679 1932 740 1967 die
814 1934 895 1970 lust.
918 1935 957 1969 in
975 1937 1052 1980 lug.
1076 1931 1107 1967 c.
1129 1941 1185 1976 31.
1205 1935 1249 1969 id
1264 1935 1418 1979 frustra
1434 1947 1485 1969 an

67 1983 164 2025 dare.
177 1984 321 2031 solvere.
334 1983 436 2021 Caes.
455 1985 555 2021 «1013.
567 1986 611 2024 C.
622 1989 666 2022 11.
684 2001 737 2034 ¹9·
815 1993 861 2027 ob
883 2006 958 2028 rem
976 1993 1131 2035 faciam,
1167 1992 1209 2026 in
1227 1992 1352 2035 vestr-a
1369 2005 1484 2026 manu

67 2042 443 2088 edictumpraemiceic
452 2045 626 2091 adquam
643 2046 739 2081 diem
805 2049 939 2092 fitum,·
973 2047 1037 2081 ubi
1062 2059 1094 2081 ν.
1112 2046 1215 2082 Cort-
1243 2046 1407 2083 ufitatim
1430 2046 1485 2082 di-

70 2099 312 2146 magistratus
335 2119 379 2126 —-
397 2100 476 2144 fibi
500 2103 567 2147 esse
592 2104 738 2146 praesto
814 2104 906 2139 citur
923 2106 965 2139 in
979 2118 1067 2139 rem.

72 2157 270 2192 Cordubae
280 2158 416 2198 vellen
434 2156 498 2191 ubi
510 2157 738 2203 timei-pret.
850 2159 1151 2208 sterquilinium]
1219 2158 1415 2194 convitium
1444 2159 1484 2195 in

67 2211 151 2247 cic.
170 2212 218 2248 ad
234 2213 318 2248 Div.
336 2214 400 2250 lx.
417 2221 452 2256 5.
470 2212 562 2249 milui
577 2228 669 2250 vero
689 2215 742 2250 ad
812 2215 1004 2251 hominem
1022 2216 1242 2265 improbum.
1266 2215 1424 2253 v.Plaut.
1445 2218 1485 2252 in

60 2267 473 2308 Nonnebenemacurum
482 2271 741 2314 videtur-fore.
816 2271 896 2307 Cur.
924 2274 953 2308 1.
978 2286 1008 2310 ι.
1031 2276 1088 2308 26.
1131 2276 1190 2309 Ex
1200 2276 1405 2318 sterculino
1433 2278 1486 2320 efi·

113 2331 172 2368 4¹.
207 2327 421 2369 Vanitatis]
477 2327 502 2361 i.
530 2339 561 2361 e.
591 2326 740 2360 nenda·
814 2329 906 2373 osse;
951 2323 1181 2364 scribendum
1206 2341 1288 2364 vero
1310 2334 1486 2377 fier-culi.

70 2380 140 2419 eii,
180 2380 367 2427 perfidiae.
397 2382 476 2417 Cic.
510 2395 576 2430 pro
608 2382 738 2428 Quint.
815 2400 900 2423 num
920 2383 1211 2432 nister-ciliman:
1233 2397 1274 2421 ut
1282 2387 1326 2423 fit
1340 2389 1486 2436 quadri·

69 2449 102 2471 c.
121 2437 156 2471 6.
174 2437 216 2481 fi
241 2441 401 2480 veritate
430 2442 598 2475 amicicia
618 2458 663 2466 —
682 2452 740 2475 co·
813 2440 985 2487 syllabam
1004 2455 1034 2476 v.
1052 2443 1172 2478 Bentl.
1193 2443 1241 2478 ad
1257 2443 1295 2482 h.
1313 2444 1339 2479 1.

70 2494 168 2529 liem-
181 2505 194 2526 :
230 2497 367 2539 neceffe
379 2496 449 2538 esc,
482 2498 548 2541 iste
566 2499 631 2541 qui
644 2498 737 2531 ami·
856 2498 978 2543 4²·fi0
988 2499 1089 2544 fiam]
1115 2499 1138 2533 i.
1152 2512 1186 2535 e.
1206 2500 1296 2535 tales
1314 2500 1395 2538 sunt
1408 2515 1485 2538 mo-

71 2562 174 2588 cum.
196 2551 362 2595 socium.
397 2552 676 2595 affinemfama
694 2564 738 2585 ac
812 2566 867 2588 res
891 2556 983 2595 mei,
1022 2555 1096 2591 tale
1116 2556 1315 2602 ingenium.
1342 2570 1376 2593 v.
1404 2571 1483 2596 not.

61 2607 239 2650 fortunis
270 2607 439 2651 spoliare
471 2619 627 2643 conatus
675 2610 738 2652 esc,
816 2609 862 2644 nd
881 2611 991 2646 Andr.
1009 2613 1055 2648 V.
1073 2619 1108 2657 4.
1131 2613 1184 2650 16.

70 2675 213 2697 vanum
230 2664 272 2706 fi
297 2673 333 2696 et
350 2663 587 2706 perfidiosum
620 2675 655 2699 et
674 2666 740 2699 im·
859 2669 985 2714 utere]
1034 2668 1058 2703 i.
1086 2682 1120 2705 o.
1143 2669 1232 2710 vive,
1256 2668 1390 2706 versate
1412 2669 1486 2707 mc-

19 2748 21 2751 .
70 2721 175 2763 pium
199 2718 267 2761 eſj‘e
283 2719 463 2761 fateatur
488 2731 520 2752 v.
542 2718 676 2755 Ernest.
703 2719 742 2754 in
817 2734 915 2761 cum.

24 2786 37 2794 ·*
73 2772 171 2809 clave
190 2773 357 2809 Ciceron.
383 2774 423 2811 h.
442 2787 542 2813 voce.
