1664 3100
546 163 688 208 Aer.
730 161 787 209 V.
872 160 1046 210 Scau.
1076 164 1155 210 111.
1488 166 1556 236 75

142 299 195 344 In
220 295 387 346 animo
407 311 526 346 vere
547 295 768 360 cogitare
784 296 977 343 Demea

143 366 205 410 Et
226 361 347 411 mihi
365 376 417 412 et
432 363 524 412 tibi
547 375 598 410 et
618 360 715 411 illis
748 361 1015 428 dempseris
1043 361 1329 412 molestiam.

148 430 251 479 DE.
293 431 445 480 Mitto
477 447 596 487 rem,
624 434 688 487 ⁵⁰)
738 430 1149 480 consuetudinem
1182 429 1397 480 illorum.
1462 434 1553 480 ΜῙ.

498 501 653 547 Mane
674 500 738 556 ⁵¹)
951 500 963 509 ⁴
1365 494 1369 505 ¹

71 571 128 616 35
141 564 278 623 Scio,
306 565 430 615 istuc
447 563 595 614 ibam.
665 564 830 614 Multa
853 568 1043 614 Demea
1062 566 1114 613 in
1133 564 1337 614 homine

141 631 292 698 Sig'na
314 633 503 692 insunt,
533 650 595 681 ex
617 632 807 699 quibus
826 634 1120 683 coniectura
1143 632 1285 683 facile
1305 633 1371 684 fit.
1392 639 1455 694 5²)

137 701 259 749 Duo
277 704 341 758 53)
377 718 491 750 cum
519 699 653 748 idem
685 701 902 759 faciunt,
947 702 1090 768 saepe
1113 715 1171 750 ut
1191 700 1339 767 posfis
1375 702 1551 752 dicere.

139 769 256 817 Hoc
286 767 405 818 licet
432 769 652 868 impum}
671 768 834 817 facere
863 768 1006 827 huic,
1027 771 1094 829 64)
1135 769 1210 818 illi
1237 772 1302 829 65)
1355 789 1461 820 non
1498 770 1553 819 li-

497 849 588 884 cet.
606 840 628 876 5
652 842 669 896 )

138 904 259 953 Non
279 901 421 974 quod
440 901 676 953 dimmilis
706 921 787 953 res
821 902 891 962 fit,
911 908 974 966 ⁵7)
1014 903 1095 954 sed
1118 904 1260 972 quod
1283 906 1324 963 ¹¹)
1364 906 1456 972 qui
1486 905 1554 954 fa-

497 971 576 1020 cit.
604 975 667 1031 ⁵8)

67 1049 123 1099 4ο
138 1040 282 1103 Quae
298 1042 360 1100 59)
387 1055 480 1105 ego
499 1038 552 1086 in
581 1042 619 1102 *)
656 1037 754 1087 illis
789 1040 882 1088 esse
903 1038 1053 1088 video
1077 1053 1137 1087 ut
1163 1037 1411 1088 confidam
1446 1039 1553 1088 fore

142 1110 219 1156 Ita
244 1119 304 1156 ut
331 1105 580 1158 volumus.
644 1106 803 1156 Video
835 1125 923 1157 eos
952 1111 1015 1168 **)
1058 1107 1239 1174 sapere,
1267 1108 1553 1174 intelligere,

101 1235 107 1240 ³
492 1175 547 1222 in
564 1172 680 1223 loco
700 1173 764 1234 5⁰)

137 1242 334 1297 Vereri,
366 1242 499 1289 inter
519 1242 562 1288 se
584 1258 765 1289 amare.
830 1242 966 1290 Scire
988 1242 1058 1289 est
1072 1238 1134 1301 6ῑ)
1167 1239 1382 1289 liberum
1402 1239 1464 1302 6²)

138 1309 399 1373 Ingenium
421 1322 575 1374 atque
595 1308 831 1355 animum.
852 1306 913 1368 63)
981 1312 1096 1374 Quo
1120 1310 1195 1358 vis
1217 1307 1328 1356 illos
1354 1309 1434 1357 die
1461 1325 1521 1361 tu

142 1374 385 1424 Reducas.
454 1382 518 1422 At
537 1376 671 1422 enim
692 1388 888 1422 metuas
912 1393 975 1422 ne
1006 1376 1070 1423 ab
1092 1394 1145 1423 re
1167 1374 1260 1423 fint
1288 1390 1455 1426 tamen

70 1453 127 1504 45
142 1443 424 1491 Omisfiores
455 1441 620 1507 paulo.
689 1444 732 1489 Ο
763 1442 927 1489 noster
948 1445 1140 1490 Demea

143 1509 219 1557 Ad
241 1511 411 1558 omnia
436 1508 535 1557 alia
552 1522 715 1558 aetate
732 1507 797 1566 64)
832 1509 1048 1574 sapimus
1070 1511 1275 1559 rectius.

136 1575 307 1627 Solum
334 1575 433 1626 hoc
455 1595 615 1625 unum
635 1577 813 1625 vitium
837 1577 1064 1626 senectus
1084 1577 1226 1627 affert
1249 1576 1552 1632 hominibus.

142 1645 448 1695 Attentiores
471 1642 536 1703 65)
571 1645 741 1692 sumus
771 1642 837 1693 ad
865 1661 970 1693 rem
999 1662 1188 1704 omnes,
1215 1643 1277 1707 66)
1315 1664 1469 1714 quam
1488 1648 1555 1713 67)

495 1712 567 1761 sat
585 1712 673 1773 est,

198 1857 267 1903 5ο)
298 1854 339 1891 id
361 1855 412 1891 est
462 1857 528 1903 51)
557 1866 707 1905 expecta
761 1855 827 1901 5²)
857 1855 948 1894 i.·e.
975 1855 1120 1903 probari
1147 1855 1265 1903 potest
1290 1856 1414 1902 quales
1442 1857 1554 1894 futuri

245 1912 316 1948 fint
347 1913 412 1958 53)
429 1912 597 1949 homines
621 1915 687 1960 54)
704 1913 768 1948 uui
790 1918 850 1956 55)
872 1912 974 1948 alteri
1011 1914 1070 1956 56)
1091 1912 1172 1946 vel?
1202 1916 1261 1957 57)
1283 1926 1391 1960 quam
1417 1914 1557 1952 faciunt

247 1970 279 2009 ')
311 1970 402 2006 edic.
432 1972 524 2007 add.
556 1971 587 2006 is
622 1972 731 2016 prob.
763 1972 883 2007 Bencl.
938 1971 1005 2014 58)
1030 1967 1210 2002 diffimiliS
1245 1968 1296 2004 est
1364 1973 1430 2016 59)
1456 1972 1556 2019 56⁰²

247 2024 283 2071 ⁴)
305 2027 396 2061 edic.
414 2029 534 2062 omitt.
554 2027 591 2061 in
615 2029 769 2070 impr-ob.
796 2030 919 2064 Bentl.
965 2027 1012 2067 ⁸⁸)
1036 2027 1127 2062 edic.
1156 2028 1278 2060 omitt.
1309 2022 1371 2061 eos
1397 2030 1556 2073 improb.

249 2083 372 2118 Ben‘el.
428 2083 487 2123 60)
524 2095 716 2130 oportune.
746 2083 809 2119 ubi
838 2081 977 2117 necess'e
1003 2081 1053 2117 est
1116 2082 1181 2126 6¹)
1207 2079 1293 2114 scire
1322 2083 1487 2129 possibile
1506 2086 1558 2122 est

249 2138 309 2178 62)
330 2137 456 2173 nobile
501 2140 567 2183 63)
604 2141 751 2176 illorum
795 2141 856 2184 64)
883 2138 979 2185 gravi
1002 2150 1111 2186 quam
1136 2136 1314 2174 habemus
1379 2141 1439 2184 65)
1470 2142 1557 2189 quia

249 2204 376 2232 nuent.
430 2195 490 2239 66)
514 2195 616 2235 [enea
658 2199 720 2245 67)
744 2198 826 2247 plus
856 2207 978 2245 quam.

148 2353 204 2377 tet·
213 2343 317 2386 spem
331 2346 483 2379 eveniat
502 2345 545 2380 id
563 2346 742 2391 deputare
761 2348 814 2392 es·
827 2347 846 2359 '⁷
890 2357 962 2392 quo
984 2341 1117 2376 dicitur
1127 2353 1193 2388 pro
1212 2356 1289 2378 non
1306 2345 1372 2390 qui
1388 2341 1558 2390 sequente

137 2398 179 2440 ,Ιέ
197 2400 238 2433 in
254 2400 371 2435 lucro.
395 2399 477 2435 Cic.
502 2399 549 2434 ad
566 2401 650 2436 Div.
671 2401 736 2436 IX.
759 2412 813 2446 ¹7·
890 2400 1000 2435 etiam
1020 2399 1056 2432 in
1078 2398 1190 2433 altero
1207 2398 1383 2434 orationis
1394 2400 1557 2435 membro

145 2453 224 2487 Liv.
243 2454 320 2487 XL.
349 2463 384 2495 8.
476 2475 482 2477 —
891 2457 1001 2504 quod.
1027 2454 1106 2489 Cic.
1135 2454 1182 2488 ad
1199 2455 1272 2489 Div
1294 2456 1358 2493 VI.
1384 2462 1421 2500 4.

191 2514 247 2551 54-
267 2513 377 2546 Mitto
391 2525 467 2546 rem
482 2512 568 2556 eta]
615 2512 641 2547 i.
655 2524 686 2548 e.
708 2511 814 2546 omit·
934 2518 991 2555 44.
1017 2513 1065 2546 ab
1084 2527 1124 2547 re
1143 2512 1367 2558 omtffiores]
1404 2512 1430 2546 i.
1448 2525 1478 2546 e.
1495 2526 1559 2547 ne-

146 2574 185 2616 to
209 2564 254 2599 de
273 2578 309 2599 re
330 2565 447 2601 nostra
470 2579 579 2614 quam
604 2567 670 2601 filii
691 2566 814 2614 prodi·
889 2567 1118 2614 gligemiores
1135 2568 1174 2602 in
1189 2581 1228 2602 re
1247 2568 1417 2602 familiari
1434 2559 1560 2603 curan-

147 2631 237 2664 gunt
254 2621 347 2660 veri,
374 2621 434 2656 sed
465 2622 511 2657 de
538 2635 646 2669 prava
666 2623 813 2658 illorum
890 2624 949 2658 da.
969 2624 1006 2658 in
1028 2625 1162 2659 Heaut.
1182 2624 1228 2658 V.
1250 2637 1283 2659 2.
1302 2637 1338 2670 9.
1386 2625 1453 2659 His
1473 2637 1559 2659 mox

148 2676 220 2710 vita
239 2687 275 2712 et
293 2676 454 2712 moribus
474 2691 615 2724 queror.
888 2690 1123 2728 opponuntur
1138 2685 1356 2719 attentiores
1372 2683 1427 2719 ad
1443 2696 1532 2719 rem·

194 2740 251 2779 59.
278 2749 351 2769 non
378 2747 448 2784 quo
467 2735 539 2781 fid
569 2735 691 2781 quod]
737 2749 814 2773 non
