1708 3106
171 137 270 184 260
688 139 1075 192 PHORMIO.

173 271 312 318 Tum
341 268 478 321 hunc
511 271 822 337 impuratum
843 274 906 329 δ’)
940 278 1218 343 poterimus
1243 281 1412 331 nostro
1443 281 1595 339 modo

98 359 156 398 7⁰
172 337 364 387 Ulcisci.
389 343 450 392 δ’)
515 340 659 389 ΡΗΟ.
681 348 745 390 At
767 356 830 392 at.
864 345 968 395 Nili
988 345 1108 394 mihi
1130 348 1378 414 prospicio
1400 349 1598 401 haereo.

172 405 240 452 Hi
259 409 324 466 33)
354 405 652 472 gladiatorio
682 411 850 462 animo
873 413 938 462 ad
958 432 1037 462 me
1061 414 1298 465 assectant
1319 418 1462 466 viam.

172 474 271 523 CH.
292 480 359 523 At
379 493 555 526 vereor
574 490 631 525 ut
654 477 846 542 placari
869 483 932 542 34)
964 480 1121 549 possit.
1188 485 1289 533 DE.
1324 488 1471 535 Bono
1497 486 1599 535 ani·

529 562 613 593 mo
643 563 696 594 es
727 549 790 606 35)

173 607 281 676 Ego
322 609 543 678 redigam
579 631 669 662 vos
704 613 765 676 36)
821 618 874 665 in
911 618 1134 684 gratiam.
1188 617 1288 669 hoc
1327 623 1390 681 37)
1441 619 1599 672 fretus

531 680 741 732 Chreme
761 686 824 744 38)

171 747 299 794 Cum
320 748 381 808 39)
415 764 442 796 e
464 747 631 797 medio
651 752 712 810 40)
747 751 955 813 excessit,
975 756 1037 816 4¹)
1071 753 1208 806 unde
1224 753 1351 805 haec
1378 755 1600 822 suscepta

535 816 603 864 est
623 818 726 867 tibi.
745 823 806 875 4²)

102 889 158 942 75
171 881 315 931 ΡΗΟ.
336 886 475 932 Itane
497 885 643 949 agitis
664 891 894 938 mecum?
927 890 1059 939 Satis
1079 891 1238 939 astute
1259 888 1598 956 aggredimini.

172 952 223 999 N
229 967 295 998 on
314 949 481 999 hercle
503 969 564 999 ex
582 970 636 1001 re
659 955 799 1006 istius
817 959 882 1016 43)
901 974 981 1005 me
1005 959 1240 1024 instigasti
1260 956 1525 1024 Demipho.
1536 960 1598 1017 44)

176 1018 276 1066 Ain
309 1031 365 1067 tu
401 1018 605 1135 ‘andssm
635 1023 673 1083 ¹²)
731 1023 1061 1094 ubihperegre
1099 1025 1242 1095 quod
1274 1023 1478 1079 libitum
1503 1025 1601 1084 fuit

553 1106 725 1148 eceris,
1159 1113 1164 1117 ·
1204 1129 1213 1138 .

174 1153 361 1221 Neque
379 1153 535 1204 huius
568 1154 629 1205 fis
663 1160 850 1208 veritus
880 1160 1091 1209 feminae
1118 1159 1384 1225 primariae
1396 1179 1408 1219 ;
1433 1161 1495 1222 45)
1552 1190 1555 1193 Δ

172 1223 308 1286 Quin
335 1241 469 1271 novo
490 1224 641 1274 modo
665 1227 711 1275 ei
733 1227 923 1277 faceres
946 1226 1304 1277 contumeliam
1327 1229 1363 1287 *)
1403 1234 1408 1240 ’

99 1296 154 1337 80
169 1290 366 1339 Veneas
380 1292 433 1352 '*)
460 1289 525 1354 46)
561 1311 698 1343 nunc
721 1295 842 1344 mihi
866 1298 899 1357 ')
929 1295 1166 1364 precibus
1187 1294 1385 1347 lautum
1401 1298 1464 1360 47)
1489 1313 1601 1367 pec-

533 1376 703 1410 catum
728 1368 907 1413 tuum?

233 1469 299 1514 51)
324 1469 538 1506 mendacem
610 1479 670 1517 32)
695 1474 850 1519 ulciscor
874 1475 973 1510 hunc
998 1475 1023 1510 i.
1055 1487 1087 1509 e.
1114 1472 1312 1510 vindictam
1340 1473 1441 1519 sumo
1470 1473 1516 1509 de
1538 1473 1602 1510 illo

278 1530 338 1567 33)
356 1526 456 1563 senes
504 1534 563 1574 34)
582 1526 673 1567 uxer
719 1538 779 1576 35)
800 1532 873 1569 esto
922 1532 986 1578 56)
1009 1542 1045 1567 te
1066 1541 1102 1567 et
1120 1544 1269 1567 uxorem
1317 1531 1382 1578 37)
1402 1531 1449 1566 de
1467 1530 1540 1566 hoc
1554 1530 1600 1566 fis

278 1584 346 1628 38)
369 1598 389 1618 ο
404 1585 562 1623 Chreme
608 1589 673 1636 39)
694 1592 780 1638 quia
825 1591 893 1636 4ο)
914 1589 1108 1623 hominum
1135 1593 1196 1633 41)
1217 1588 1358 1627 mulier.
1386 1592 1447 1633 42)
1463 1590 1507 1624 In
1526 1589 1601 1624 hoc

277 1639 423 1678 facilius
443 1644 647 1691 placabitur
667 1646 735 1682 tibi
757 1658 819 1683 tua
838 1661 938 1686 uxor,
963 1646 1048 1695 quia
1067 1644 1131 1680 illa
1153 1644 1224 1679 alia
1244 1644 1342 1680 unde
1359 1644 1458 1680 hanc
1474 1645 1599 1685 filiam.

277 1698 460 1734 Phanium
489 1700 602 1737 habes
623 1716 643 1737 e
663 1703 786 1740 medio
815 1704 958 1739 excessit
976 1704 1000 1738 i.
1024 1716 1055 1737 e.
1082 1712 1227 1737 mortua
1257 1701 1325 1741 est,
1362 1715 1430 1737 nec
1450 1702 1602 1738 habebit

278 1764 314 1788 te
342 1755 379 1789 in
413 1756 651 1804 suspicionem
698 1763 765 1807 43)
792 1761 998 1797 Chremetis
1053 1760 1118 1805 44)
1145 1772 1167 1794 ο
1195 1758 1384 1805 Demipho
1448 1760 1484 1804 ⁴¹)
1507 1761 1600 1796 edic.

277 1815 397 1848 omitt.
427 1815 573 1850 tandem
591 1818 698 1860 prob.
722 1821 844 1855 Bentl.
893 1819 958 1863 45)
984 1816 1145 1863 optimae
1191 1815 1221 1856 *)
1246 1816 1337 1850 edit.
1358 1815 1598 1852 contumelias

276 1871 432 1913 improb.
457 1874 575 1908 Bentl.
625 1875 674 1918 ⁴¹⁴)
695 1877 785 1910 edic.
807 1887 843 1910 ec
869 1875 988 1910 Bentl.
1011 1874 1132 1908 venias
1180 1874 1240 1916 46)
1269 1870 1402 1907 vendas
1449 1872 1481 1914 ⁴¹)
1505 1873 1599 1911 edic·

275 1930 397 1964 omitt.
424 1929 517 1963 mihi
536 1932 691 1976 improb.
715 1931 834 1968 Bentl.
882 1935 942 1977 47)
967 1944 987 1965 a
1015 1941 1051 1967 te
1079 1939 1329 1981 expurgatum.

218 2063 274 2095 7¹·
303 2053 543 2098 gladiatorio
567 2057 718 2102 animo]
768 2057 793 2091 i.
818 2069 850 2094 e.
927 2055 973 2091 ad
991 2055 1028 2091 S.
1048 2055 1143 2092 Min.
1173 2057 1219 2091 11.
1239 2062 1272 2098 3.
1290 2067 1329 2102 p.
1361 2052 1443 2095 ¹68)
1456 2051 1599 2100 supplet

171 2106 282 2153 plane
312 2109 519 2157 desperato,
555 2123 594 2146 ut
623 2113 771 2159 perdere
789 2126 848 2148 me
925 2115 1048 2159 causa.
1096 2111 1195 2145 Nam
1236 2120 1277 2145 ut
1323 2108 1455 2143 Grae-ci
1476 2122 1598 2171 ’tunm

169 2163 282 2198 velint
309 2166 362 2200 vel
386 2168 511 2214 perire.
560 2169 622 2203 Sic
649 2171 756 2204 etiam
775 2170 848 2216 gla-
923 2167 973 2202 fic
992 2166 1114 2202 Latini
1140 2169 1253 2212 causa
1280 2163 1383 2212 saepe
1411 2175 1597 2200 omittunt.

169 2219 328 2256 diatores
351 2223 625 2262 concurrebant.
653 2226 736 2261 Gen
764 2229 844 2262 vu.
923 2237 955 2260 v.
976 2224 1080 2259 Vols.
1104 2221 1150 2257 de
1172 2221 1300 2257 conllr.
1321 2233 1352 2255 c.
1376 2233 1434 2284 23.
1533 2277 1541 2284 ·

167 2282 202 2318 3-
231 2280 327 2313 Nam
348 2281 564 2326 gladiatori
579 2285 782 2329 composito
794 2286 848 2322 ad
970 2293 1025 2326 '79-
1047 2294 1146 2317 7102’0
1163 2278 1289 2323 Μθᾶθ]
1316 2277 1384 2311 Le·
1406 2290 1443 2312 ¹¹¹
1457 2275 1597 2342 flu‘hfon

165 2337 411 2380 pugnandum
428 2353 579 2385 pugnae
601 2340 689 2375 haec
706 2355 841 2385 propo.
920 2336 1022 2371 cuius
1055 2336 1259 2381 exemplum
1285 2346 1360 2367 non
1383 2343 1490 2369 extat.
1513 2335 1595 2370 Cic.

164 2391 240 2433 lita
250 2396 336 2437 Jbrs
355 2396 424 2436 esi,
460 2409 525 2431 αιιι
545 2399 710 2435 occidere
719 2398 760 2442 fi
780 2412 841 2433 oc·
918 2407 985 2442 pro
1014 2391 1119 2427 Rosc.
1146 2394 1264 2427 Amer-
1297 2403 1329 2425 c.
1365 2403 1394 2427 ι.
1415 2393 1597 2429 iniuriam

166 2453 363 2491 cupaveric
381 2464 446 2487 nuc
466 2455 673 2491 occumbere
681 2455 723 2500 fi
735 2457 842 2501 ceffa-
919 2446 1019 2486 nove
1045 2452 1182 2493 scelere
1208 2448 1414 2492 conflatam
1440 2448 1595 2486 sueton.

166 2508 280 2540 ‘ver-ic.
919 2506 958 2540 in
977 2507 1093 2551 Calig.
1123 2519 1154 2542 c.
1174 2514 1233 2551 4⁰·
1261 2506 1469 2552 vectigalia
1488 2517 1595 2542 nova

214 2567 268 2605 74-
307 2578 326 2598 e
349 2566 470 2601 medio
503 2568 682 2614 exc-effic]
744 2567 769 2601 i.
809 2580 841 2601 e.
917 2575 954 2600 ec
973 2562 1159 2599 inaudita.

167 2616 264 2651 diem
295 2619 387 2655 obiit
413 2621 639 2668 supremum,
673 2623 767 2659 infra
792 2624 840 2659 V.
963 2628 1021 2661 3ο.
1045 2622 1190 2655 lautum
1221 2618 1434 2663 peccatum]
1480 2621 1592 2655 lava·
1625 2666 1630 2674 Ι

166 2681 199 2715 8·
220 2682 275 2715 30·
915 2690 957 2712 re
974 2688 1166 2720 peccatum
1185 2675 1283 2711 idem
1303 2676 1352 2711 est
1373 2674 1472 2723 qnod
1491 2676 1590 2710 luere

203 2739 268 2776 78·
306 2732 414 2771 buius
442 2738 617 2782 veritus]
675 2736 840 2774 Perizon.
914 2742 1117 2783 peccatum.
1180 2733 1278 2770 Nam
1311 2735 1413 2770 luere
1445 2732 1592 2781 propriu
1662 2734 1663 2740 ’
