1664 3100
143 170 203 216 22¹
677 165 1037 213 ADELPHI.

73 317 128 364 4ο
145 306 289 368 Quae
308 299 468 350 libera
489 300 569 349 est.
635 302 768 350 Nam
802 317 894 366 ego
925 297 1121 351 liberali
1151 297 1292 349 illam
1331 299 1486 350 assero
1509 277 1572 362 55)
1626 343 1628 345 .

506 368 655 418 causa
675 386 841 416 manu.
831 341 926 429 D5⁶3)

146 440 197 489 N
201 451 302 488 unc
324 435 438 487 vide
453 449 623 485 utrum
649 436 724 485 vis
748 450 1007 502 argentum
1024 435 1341 502 acc1pere,⁵7)
1370 453 1436 486 an
1458 453 1575 486 cau⁶

510 505 608 553 sam
629 502 858 552 meditari
878 517 1032 552 tuam.
1051 508 1113 563 58)

152 573 388 622 Delibera
405 572 529 630 hoc,
565 572 684 620 dum
706 589 799 644 ego
821 571 998 628 redeo,
1031 570 1161 619 leno.
1182 575 1244 634 59)
1314 569 1456 622 8ΑΝ.
1477 560 1576 620 Pro

510 642 733 706 supteme
755 638 815 699 60)
847 641 1071 705 luppite1
1088 637 1155 699 θ’)

157 709 369 758 Minime
390 706 455 771 δ’)
489 710 644 757 miror
663 708 786 773 quia
807 705 871 768 63)
904 708 1119 756 insanire
1142 708 1406 776 occipiunt
1423 724 1485 756 ex
1506 707 1582 755 in·

518 778 662 825 iuria.
682 775 747 834 64)

158 847 327 895 Domo
352 863 431 894 me
455 845 655 911 eripuit,
668 840 734 904 65)
768 842 1065 902 verberavit,
1087 859 1168 891 me
1190 843 1351 893 invito
1371 841 1585 892 abduxit

25 957 27 960 Α
522 930 695 961 meam.

86 991 145 1041 45
163 979 241 1029 Ob
271 978 537 1029 malefacta
572 979 699 1029 haec
738 977 980 1027 tantidem
1017 992 1200 1028 emtam
1245 976 1460 1046 postulat
1498 967 1588 1027 'fibi

522 1047 700 1096 darier.
722 1049 763 1106 *)
785 1044 848 1107 66)

162 1118 205 1164 Ο
230 1117 268 1176 *)
304 1114 498 1166 homini
525 1117 714 1164 misero.
735 1116 796 1175 **)
863 1112 981 1163 Plus
1005 1115 1311 1181 quingentos
1341 1111 1587 1181 colaphos

522 1183 724 1250 infregit
744 1182 880 1231 mihi.

161 1253 204 1299 V
206 1268 343 1300 erum
365 1251 496 1300 enim
526 1222 734 1317 quamodo
768 1249 898 1299 bene
926 1250 1233 1316 promeruit,
1264 1247 1365 1298 fiat.
1431 1250 1592 1300 Suum

523 1320 606 1368 ius
628 1337 695 1386 po
699 1317 858 1368 stu'lat.

226 1487 287 1529 55)
321 1484 463 1520 affirmo
511 1485 571 1529 56)
606 1498 691 1521 mea
740 1488 800 1530 57)
827 1497 848 1520 ι
875 1497 936 1520 me
982 1487 1042 1528 58)
1067 1483 1270 1534 periculum
1299 1494 1416 1520 tuum.
1442 1496 1595 1534 quomo-

275 1541 322 1576 do
341 1543 380 1576 in
401 1543 458 1577 ius
480 1555 623 1577 mecum
643 1543 766 1577 venias
815 1542 880 1587 59)
907 1556 930 1576 ο
948 1542 1034 1576 leno
1079 1544 1140 1584 6ο)
1164 1542 1322 1576 maxime
1376 1541 1444 1591 61)
1467 1554 1491 1576 ο
1510 1543 1596 1589 Iup·

273 1598 371 1644 piter
430 1599 491 1640 62)
517 1612 594 1633 non
651 1599 718 1645 63)
744 1599 1058 1647 quemadmodum
1121 1599 1188 1645 64)
1212 1597 1390 1646 iniustitia
1451 1599 1518 1644 65)
1540 1610 1596 1633 n-

276 1655 359 1701 puit
405 1655 443 1700 ⁴¹)
459 1657 550 1691 edic.
571 1656 705 1691 tradier
716 1671 810 1704 quae
828 1662 879 1704 est
898 1657 1082 1692 hodierna
1100 1658 1211 1692 lectio
1234 1657 1377 1692 codicis
1414 1654 1482 1696 ’66)
1498 1654 1597 1691 hane

274 1709 312 1754 ⁴)
335 1710 424 1798 egit.
446 1715 569 1748 omitt.
593 1711 627 1746 O
675 1713 734 1758 ’'*)
759 1714 851 1749 edit.
876 1726 951 1747 non
971 1712 1172 1760 distinguit
1188 1714 1268 1758 post
1288 1710 1419 1747 mileto
1437 1713 1596 1759 proban,

281 1775 318 1799 ce
374 1765 465 1800 encl.

790 1866 971 1877 ——-

221 1961 281 1999 40.
305 1958 460 1994 liberali
473 1958 591 2005 affer-o
610 1958 734 2005 caustz]
771 1958 795 1993 i.
817 1972 848 1993 e.

179 2025 246 2059 ego
268 2013 369 2048 illam
391 2014 428 2048 in
458 2013 661 2049 libertatem
690 2014 851 2049 vindica-

178 2068 240 2103 bo.
299 2070 375 2116 Qui
412 2069 567 2105 liberum
603 2070 792 2106 hominem
830 2086 849 2107 e

178 2125 345 2162 Iervitute
371 2127 580 2165 vindicabat
608 2141 690 2162 eum
727 2141 848 2163 coram

101 2183 103 2185 ’
178 2193 343 2227 praetore
379 2197 489 2219 manu
533 2182 749 2232 prehensum
785 2185 851 2220 fibi

179 2239 278 2285 quafi
298 2239 469 2277 assetebat
487 2240 511 2275 i.
535 2253 565 2278 e.
579 2240 795 2278 admovebat
818 2253 853 2278 et

177 2295 332 2332 liberum
365 2296 434 2333 effe
463 2297 621 2333 dicebat.
652 2312 683 2336 v.
712 2300 850 2335 Donat.

179 2353 226 2386 ad
244 2354 280 2388 h.
304 2355 328 2388 l.
354 2355 551 2391 etBrisson.
575 2355 620 2390 de
641 2354 785 2391 formul.
804 2357 849 2390 V.

179 2411 258 2451 365.
299 2410 501 2447 Liberalem
543 2412 683 2447 causam
722 2423 854 2448 vocant

179 2466 416 2503 Iureconsulti
458 2469 638 2504 actionem
676 2470 722 2504 de
747 2470 854 2505 liber·

179 2532 252 2556 tate
272 2536 301 2559 v.
322 2524 564 2571 Lindenbrog.
586 2525 631 2560 ad
651 2526 688 2560 h.
702 2527 726 2561 l.
749 2529 851 2574 Affi-

179 2593 222 2613 ro
247 2582 393 2625 ponitur
411 2595 476 2629 pro
500 2586 664 2629 asseram,
684 2583 851 2630 praesen·

179 2646 246 2679 pro
268 2636 384 2670 (uturo
412 2649 452 2672 ut
477 2637 592 2684 saepe.

226 2697 282 2733 43.
311 2695 459 2730 minime
483 2695 624 2739 mir-or]
683 2695 852 2743 supplen-

183 2744 270 2780 dum
288 2761 361 2782 eos.
386 2749 487 2786 Solet
519 2751 617 2786 enim
647 2764 852 2798 pronomen

927 1961 961 1995 is
998 1966 1082 1992 ante
1113 1956 1301 1992 relativum
1337 1955 1473 1994 omitti.
1515 1959 1595 1996 Liv.

925 2015 1057 2050 xxm.
1082 2022 1136 2056 15.
1165 2017 1336 2058 praemia
1357 2029 1469 2065 atque
1485 2017 1598 2055 hono·

924 2085 986 2107 res
1009 2073 1074 2120 qui
1096 2084 1347 2114 remanerent,
1385 2087 1431 2110 ac
1457 2077 1600 2112 milita·

924 2142 966 2164 re
988 2132 1113 2175 secum
1144 2122 1368 2177 voluiffentss
1405 2128 1599 2179 ῥ’*οροῂιίι

928 2184 993 2220 ubi
1010 2185 1349 2233 plurainterpretes.
1370 2187 1521 2233 Quinct.
1534 2190 1597 2223 vl.

928 2249 962 2284 3.
987 2250 1066 2284 285.
1090 2255 1131 2278 ue
1147 2245 1262 2279 eciam
1281 2247 1520 2292 rusticisalse
1538 2247 1604 2282 de-

927 2310 1015 2334 cant
1035 2303 1075 2335 in
1105 2301 1256 2347 quisque
1283 2301 1434 2350 aliquid
1454 2304 1599 2342 dixerit

925 2359 1034 2400 prior
1051 2354 1114 2388 ubi
1134 2367 1164 2387 v.
1188 2353 1337 2391 Gesner.

977 2412 1034 2455 46.
1062 2411 1239 2455 colaphos
1267 2412 1454 2460 infregit]
1515 2413 1541 2448 i.
1566 2427 1600 2449 e.

929 2467 1091 2515 impegit.
1110 2467 1203 2502 Plin.
1215 2468 1348 2503 Histor-
1372 2479 1490 2504 natur.
1501 2469 1600 2505 VIII.

927 2526 985 2568 36.
1006 2537 1038 2558 v.
1059 2525 1196 2558 Dona.
1218 2525 1266 2559 ad
1286 2524 1324 2559 b.
1347 2524 1372 2559 l.

974 2582 1169 2626 hariolor]
1219 2581 1243 2615 i.
1270 2593 1300 2616 e.
1328 2579 1415 2616 falsa
1438 2581 1599 2617 coniitia
1627 2598 1632 2603 ·

927 2649 964 2674 et
982 2638 1078 2674 dico.
1129 2637 1249 2672 Fauor
1269 2648 1310 2673 ut
1327 2636 1442 2674 [olent
1452 2637 1600 2678 hatioli.

928 2694 1057 2729 deliro.
1087 2707 1117 2731 v.
1147 2695 1184 2729 i·n
1214 2694 1368 2730 Phorm.
1402 2696 1464 2735 111.
1503 2707 1537 2730 α.
1565 2707 1601 2740 7.

928 2748 997 2788 Pro
1025 2763 1070 2787 eo
1106 2751 1295 2788 vaticinari
1324 2751 1416 2789 dicit
1439 2752 1519 2791 Cic.
1553 2750 1602 2790 ad
