1664 3100
188 182 281 216 100
684 151 688 154 '
738 163 1048 216 HECYRA.

181 302 316 370 Quia
345 299 559 351 sciebam
593 297 799 349 dubiam
827 299 1081 351 fortunam
1108 301 1363 359 scenicam,

147 403 152 410 ι
187 375 285 437 Spe
305 370 500 419 incerta
520 373 581 431 ²⁵)
617 381 812 417 certum
845 368 1071 418 laborem
1097 368 1218 418 mihi
1249 367 1430 418 sustuli.

117 460 167 487 ιο
183 436 397 487 Easdem
416 454 561 504 agere
581 437 732 503 coepi
751 433 815 499 ¹6)
847 451 905 486 ut
927 437 990 486 ab
1012 437 1190 486 eodem
1209 439 1275 498 ²7)
1311 436 1437 486 alias
1462 434 1610 487 disce-

551 522 657 553 rem
1235 531 1238 534 >

186 575 364 622 Novas
387 570 624 629 studiose,
655 589 719 620 ne
737 571 876 621 illum
901 570 966 621 ab
995 570 1154 621 studio
1176 569 1496 621 abducerem.
1517 574 1580 634 ³8)

186 641 378 690 Perfeci
404 654 464 689 ut
497 641 850 704 spectarentur.
916 640 1015 689 Ubi
1045 640 1158 688 sunt
1186 641 1431 705 cognitae,

190 707 414 757 Placitae
441 709 565 756 sunt.
632 711 706 756 Ita
733 723 935 775 poetam
960 708 1154 756 restitui
1179 708 1233 756 in
1257 707 1427 757 locum
1449 709 1515 767 29)

185 778 350 841 Prope
373 777 474 823 iam
498 788 749 824 remotum
770 776 959 825 iniuria
984 774 1318 825 adversarium
1343 773 1408 836 30)
1547 818 1550 820 ,

119 853 168 894 15
183 842 258 892 Ab
291 842 474 902 studio,
535 856 690 958 astque
718 843 780 891 ab
813 842 1012 903 labore,
1076 856 1232 912 atque
1263 842 1326 892 ab
1362 855 1471 892 arte
1506 858 1642 892 mus

569 928 658 960 ica.
682 915 742 972 5¹)
1612 911 1616 915 ’

193 975 383 1045 Quodsi
406 977 702 1045 scripturam
724 979 791 1038 δ’)
824 979 1099 1044 sprevissem
1118 978 1171 1027 in
1193 978 1474 1046 praesentia
1490 981 1556 1038 33)

187 1050 249 1094 Et
271 1046 324 1095 id
350 1045 390 1107 *)
424 1045 721 1096 deterrendo
744 1045 1001 1096 voluissem
1026 1063 1233 1113 operam
1262 1046 1466 1106 sumere,
1489 1048 1552 1108 34)

196 1115 335 1163 Utin
358 1115 464 1163 otio
487 1114 626 1172 esset,
712 1116 846 1164 otius
873 1132 1028 1180 quam
1051 1115 1346 1180 innegotio,

195 1181 552 1231 Deterruissem
579 1133 723 1231 saciile
754 1200 816 1230 ne
850 1181 973 1230 alias
1006 1181 1252 1231 scriberet.

123 1272 178 1299 20
194 1252 349 1300 Nunc
380 1247 507 1315 quid
534 1262 703 1315 petam
733 1267 844 1299 mea
874 1250 1024 1300 causa
1056 1253 1117 1312 35)
1148 1266 1319 1318 aequo
1352 1247 1521 1298 animo
1553 1259 1624 1298 at·
1658 1302 1664 1317 ,-

554 1317 758 1366 tendite.
1662 1328 1664 1331 ’

194 1387 452 1448 Hecyram
476 1381 540 1432 ad
560 1402 653 1434 vos
672 1385 834 1433 resero
857 1400 1010 1451 quarn
1043 1383 1164 1433 mihi
1187 1401 1279 1450 per
1305 1381 1558 1433 silentium
1611 1417 1616 1421 «

192 1455 492 1520 Numquam
516 1469 661 1568 agitere
690 1451 883 1562 licitggm
910 1454 990 1503 est.
1026 1453 1100 1503 ita
1135 1469 1247 1502 eam
1275 1448 1512 1520 oppresfit
1546 1467 1626 1503 ca-

579 1522 758 1571 amitas
834 1526 849 1582 )
1359 1527 1365 1534 '
1593 1527 1595 1532 '

259 1653 319 1695 25)
360 1649 448 1698 quia
492 1649 641 1685 dubium
673 1662 768 1692 erat,
815 1662 934 1688 utrum
979 1664 1060 1687 eam
1095 1650 1231 1688 vellent
1269 1651 1396 1687 audire
1454 1651 1521 1700 26)
1559 1664 1627 1699 ego

304 1710 365 1753 27)
384 1708 560 1742 Terentio
584 1709 649 1754 23)
675 1721 894 1743 removerem
941 1709 1007 1755 29)
1032 1708 1211 1744 scribendi
1256 1709 1321 1755 30)
1347 1707 1631 1746 adversariorum

309 1767 370 1806 3¹)
383 1763 604 1799 carminibus
624 1763 890 1811 componendis
937 1766 1000 1809 32)
1021 1764 1119 1799 inin·
1140 1775 1269 1812 poetae
1315 1770 1374 1810 33)
1393 1766 1492 1803 issiu·
1512 1781 1630 1816 popu-

310 1820 338 1854 li
368 1820 398 1859 ⁴)
416 1821 474 1855 ed.
496 1820 533 1853 in
582 1819 648 1864 34)
672 1818 699 1855 fi
716 1819 901 1855 voluissem
923 1833 1004 1855 eum
1025 1820 1202 1856 deterrere
1226 1821 1254 1858 i.
1273 1834 1306 1856 e.
1325 1822 1541 1859 iuvilitntem
1557 1839 1629 1869 pro

311 1877 594 1920 invilieatqssem
623 1890 648 1911 α
673 1879 788 1914 verbo
815 1878 929 1913 medii
957 1880 1040 1914 aevi
1064 1880 1221 1914 invilito
1248 1887 1289 1913 ut
1316 1891 1392 1913 non
1422 1881 1632 1917 recitaretur

308 1933 373 1978 35)
391 1942 537 1980 propter
556 1945 614 1966 me
635 1934 698 1980 qui
717 1934 829 1970 recito
852 1933 880 1970 fi
905 1945 1054 1982 propter
1071 1933 1213 1970 causam
1237 1947 1316 1971 non
1331 1936 1456 1972 vultis.
1486 1937 1552 1984 36)
1576 1938 1631 1973 in·

309 1989 512 2025 fortunium
545 2000 688 2037 poetae.
1347 2001 1350 2005 '

207 2128 346 2170 partim
357 2127 574 2175 invitisfimi
587 2130 811 2175 cafix-astant
821 2132 881 2176 se-
957 2126 1158 2176 ploduntur
1188 2138 1224 2163 et
1262 2127 1465 2173 exiguntur.
1500 2127 1632 2164 Horat.

208 2186 306 2223 cuti,
346 2188 487 2228 par-cim
511 2199 592 2222 cum
622 2189 768 2232 summa
800 2189 880 2221 eius
957 2184 1059 2230 epist.
1087 2185 1132 2219 11.
1168 2196 1197 2218 ι.
1232 2185 1306 2229 176.
1337 2188 1488 2229 securus
1516 2187 1630 2222 cadat

208 2240 417 2285 offensione
468 2244 571 2279 domi
614 2245 881 2288 remanserunt.
957 2255 1008 2279 an
1020 2254 1121 2278 recto
1132 2242 1207 2285 fiet
1216 2243 1362 2286 fabula
1380 2244 1460 2278 calo
1476 2254 1507 2278 v,
1525 2240 1631 2277 Lam-

209 2295 289 2330 Cic.
320 2297 364 2332 de
393 2298 569 2344 legeb.11.
598 2311 648 2344 17.
669 2301 812 2344 partim
831 2313 879 2335 a:
956 2298 1033 2334 bin.
1087 2299 1187 2334 Male
1222 2298 1330 2344 vulgo
1367 2297 1441 2332 huc
1474 2298 1630 2334 trahitur

208 2354 291 2389 illis
309 2355 486 2401 discr-acti
497 2369 542 2391 ac
559 2355 734 2401 dtffipati
744 2359 878 2391 iacent.
954 2355 1056 2390 locus
1078 2355 1246 2391 Ciceron.
1269 2355 1313 2389 ad
1333 2355 1418 2389 Div.
1444 2355 1472 2390 1.
1493 2361 1528 2399 4.
1547 2369 1630 2392 cum

207 2422 238 2444 v.
269 2410 365 2445 Gell.
393 2412 439 2447 X.
470 2420 521 2455 13.
555 2423 590 2447 et
617 2412 780 2447 Gronov.
803 2411 879 2448 Ob-
954 2416 995 2449 in
1013 2416 1149 2459 senam
1173 2413 1630 2459 pulcherrinoefiaremus.

207 2465 292 2502 serv.
309 2469 370 2503 111.
388 2480 421 2503 2.
954 2469 1053 2505 Nam
1080 2469 1154 2505 hoc
1182 2469 1463 2516 intelligendum
1491 2483 1536 2505 ex
1562 2470 1630 2505 illa

245 2528 359 2571 fieti]
411 2528 517 2571 scat-e
547 2523 718 2560 dicuntur
740 2534 878 2560 actores
954 2524 1053 2561 vorbi
1087 2525 1230 2561 ratione
1274 2539 1358 2562 cum
1390 2539 1458 2575 pro
1503 2527 1641 2566 dicem.

208 2581 262 2615 vel
283 2580 448 2621 fabulae,
475 2594 555 2616 cum
579 2581 724 2629 placent
745 2580 879 2628 specta·
953 2582 1154 2630 usurpatur.
1218 2583 1362 2620 Staures
1397 2583 1496 2619 enim
1529 2582 1631 2619 dica
1653 2576 1664 2581 ’

206 2637 344 2672 toribus
375 2649 410 2674 et
437 2638 635 2685 probantur
662 2638 701 2672 in
731 2638 876 2673 Phorm.
954 2638 1052 2674 bant.
1071 2652 1103 2674 v.
1122 2639 1258 2678 Emest.
1280 2641 1320 2676 in
1336 2641 1435 2678 clave
1453 2640 1622 2677 Ciceron.

209 2693 296 2740 prol.
314 2705 343 2731 v,
363 2707 399 2741 9.
419 2697 510 2731 olim
536 2709 618 2731 cum
636 2697 743 2741 stetit
761 2707 874 2732 nova.
952 2695 991 2731 in
1012 2709 1098 2731 voce
1109 2700 1229 2744 stan.

207 2760 332 2785 comta
357 2753 487 2789 eadm
516 2753 686 2788 dicuntur
715 2763 799 2787 cum
818 2763 875 2785 ex-
