1708 3106
264 209 359 239 222
780 192 1163 243 PHORMIO.

261 323 408 374 Miles
441 323 561 375 dare
594 327 693 443 [Ξ
659 325 793 376 dunt.
858 329 908 378 Si
931 327 1054 377 mihi
1065 330 1212 396 prior
1233 343 1290 378 tu
1313 329 1542 382 attuleris
1563 331 1685 382 Phe-

657 397 732 444 ria

259 466 379 511 Mea
401 459 509 527 lege
534 477 669 579 utars
682 477 740 512 ut
733 478 926 580 Σἓπίῑιοκ·
947 462 1004 512 fit
1017 466 1080 524 79)
1104 465 1193 532 qui
1213 465 1353 531 prior
1373 464 1438 515 ad
1459 464 1689 516 dandum¹

617 549 644 580 e
666 545 695 580 t.
779 549 806 579 a
828 549 854 580 e

261 674 318 734 (A
331 693 357 722 c
371 697 404 724 ‘r
422 697 447 724 u
467 696 487 725 s
522 678 592 723 III.
658 673 729 723 Sc
747 697 770 723 E
786 697 819 724 N
835 679 1000 792 Αθτῐὲἰῐν.Γ
1043 675 1338 804 13HEDR1A.
1373 678 1685 727 ANTIPHO.

1002 750 1053 792 A.

260 831 400 899 Quid
421 831 635 881 faciam?
695 833 842 882 Unde
876 852 968 900 ego
1000 852 1139 884 nunc
1171 847 1272 882 tam
1295 831 1460 884 subito
1483 833 1603 885 huic
1621 838 1683 897 8⁰)

619 916 882 966 argentum
907 904 1158 951 inveniam
1180 902 1336 960 miser,

260 969 354 1017 Cui
386 969 555 1017 minus
586 967 745 1017 nihilo
777 970 876 1018 est'?
923 970 1076 1021 Ouod
1108 969 1191 1019 hic
1225 967 1261 1018 fi
1289 970 1527 1036 potuisset
1545 988 1684 1021 nunc

617 1039 883 1094 exorariei,
908 1043 969 1100 8¹)
989 1041 1029 1100 *)

259 1102 515 1154 Triduum
556 1102 654 1153 hoc
684 1107 974 1170 promissum
1012 1105 1188 1156 fuerat.
1218 1108 1280 1168 8²)
1359 1106 1511 1156 ANT.
1544 1110 1683 1155 Itane

617 1171 756 1222 hunc
778 1174 1031 1239 patiemur
1049 1177 1180 1223 Geta

257 1241 389 1290 Fieri
421 1240 674 1299 miserum,
720 1243 808 1311 qui
838 1259 917 1290 me
951 1241 1144 1291 dudum
1187 1254 1246 1292 ut
1276 1240 1404 1290 dixti
1430 1226 1684 1293 adiuverit

619 1309 885 1357 comitem?
904 1312 942 1365 ⁴²)

219 1391 243 1430 5
259 1379 395 1443 Quin
417 1395 534 1426 curn
556 1394 687 1443 opus
713 1378 779 1425 est
792 1375 1095 1427 beneficium
1113 1379 1283 1428 rursus
1307 1396 1353 1427 ei
1366 1395 1683 1444 experiamur

616 1444 838 1493 reddere.

258 1514 358 1563 GE.
378 1514 492 1563 Scio
516 1512 750 1580 equidem
771 1512 868 1562 hoc
891 1514 982 1562 esse
1001 1530 1236 1580 aequum.
1290 1516 1396 1563 AN.
1427 1519 1530 1578 Age
1548 1528 1680 1578 ergo,

620 1580 750 1629 solus
773 1582 964 1630 servare
984 1580 1122 1632 hunc
1142 1595 1303 1648 potes.

259 1654 356 1699 GE.
388 1647 525 1714 Quid
554 1647 766 1697 faciam?
844 1652 951 1698 AN.
979 1651 1211 1698 Invenias
1243 1662 1522 1716 argentum..
1583 1630 1680 1694 GE.

615 1716 801 1780 Cupio,
836 1716 916 1764 fed
936 1715 987 1764 id
1007 1717 1163 1774 unde,
1195 1717 1363 1773 edoce.

259 1788 363 1834 AN.
383 1787 531 1830 Pater
555 1781 690 1830 adest
712 1782 806 1830 hic.
840 1786 935 1831 GE.
956 1785 1083 1832 Scio.
1116 1783 1216 1831 Sed
1240 1784 1363 1850 quid
1386 1785 1527 1832 tum?
1570 1779 1675 1830 AN.

613 1849 714 1907 Ah,
744 1849 933 1898 dictum
957 1851 1164 1916 sapienti
1184 1854 1244 1908 83)
1279 1852 1350 1898 sat
1369 1851 1448 1898 est.

257 1922 353 1969 GE.
371 1919 540 1966 Itane?
609 1920 717 1966 AN.
751 1921 834 1966 Ita.
906 1918 1004 1966 GE.
1025 1917 1155 1966 Sane
1176 1916 1341 1966 hercle
1364 1916 1540 1983 pulcre
1571 1916 1674 1965 sua-

616 1984 716 2034 des.
735 1988 798 2043 84)
849 1985 1012 2033 Etiam
1031 1998 1087 2033 tu
1110 1984 1228 2034 hinc
1242 1985 1388 2035 abis?

186 2080 235 2107 ιο
251 2059 373 2107 Non
400 2051 657 2119 triumpho
683 2071 750 2101 -ex
781 2054 974 2119 nuptiis
999 2054 1099 2103 tuis
1123 2051 1157 2102 fi
1178 2052 1302 2102 nihil
1332 2051 1591 2102 nanciscor
1611 2052 1674 2112 85)

613 2121 744 2179 mali,
1382 2141 1387 2153 ·

314 2241 373 2284 79)
400 2235 498 2283 apud
518 2250 576 2271 me
633 2239 694 2276 80)
720 2235 846 2270 lenoni
911 2235 976 2279 81)
1003 2246 1022 2268 a
1041 2247 1100 2268 me
1145 2234 1175 2275 ⁸)
1198 2235 1282 2270 edit
1307 2235 1460 2280 difiing
1481 2232 1563 2277 pose
1587 2227 1678 2265 trid:

360 2294 433 2328 hoc
494 2295 558 2339 82)
584 2306 632 2327 mn
624 2294 675 2327 hi
706 2303 889 2338 argentum
924 2291 1024 2339 quod
1054 2289 1186 2338 poss'em
1208 2291 1293 2325 dare
1350 2291 1383 2335 ⁴)
1409 2291 1498 2325 edic.
1521 2287 1674 2323 comitet

358 2354 419 2386 cui
442 2353 596 2411 leec'ioni
622 2365 762 2387 convert
753 2352 795 2385 zie
828 2351 946 2396 glossa
985 2347 1147 2396 pulchre.
1185 2346 1230 2381 ab
1261 2359 1305 2381 eo
1337 2344 1436 2393 quod
1469 2342 1520 2380 est
1547 2342 1611 2378 hic
1635 2352 1673 2378 et

358 2406 452 2441 haec
471 2394 592 2442 co'mes
640 2409 704 2453 83)
730 2408 841 2442 alicui
888 2412 946 2451 84)
972 2406 1136 2441 ironico·
1183 2409 1244 2448 85)
1269 2404 1399 2439 litotes.
1683 2405 1686 2409 ’

365 2511 470 2544 Aer.
498 2510 561 2547 ΙΙΙ.
609 2509 745 2545 Scan.
776 2517 809 2552 3.
1000 2512 1034 2545 Ie
1038 2521 1053 2545 ι
1092 2509 1216 2545 literis
1250 2509 1467 2554 nunciisque
1504 2504 1670 2542 edocuit.
1706 2537 1708 2559 ¹

297 2573 332 2608 5.
367 2570 580 2610 experimur
604 2568 782 2608 reddere]
843 2565 867 2599 i.
892 2578 924 2599 e.
1000 2563 1141 2600 Sallust.
1174 2564 1211 2597 in
1242 2564 1351 2598 Catil.
1387 2576 1418 2597 c.
1456 2567 1513 2606 48.
1539 2561 1669 2597 eadem
1707 2571 1708 2579 ¹

251 2621 421 2661 nitimur,
447 2637 632 2662 conamur.
1001 2637 1094 2669 quae
1130 2623 1263 2657 Voltur
1265 2624 1344 2656 cius
1375 2640 1420 2647 --
1453 2619 1499 2654 de
1533 2619 1667 2654 itiner&

299 2691 332 2723 7.
357 2681 491 2724 edoce]
559 2682 582 2715 i.
616 2695 645 2716 e.
680 2681 788 2728 plane
818 2679 922 2714 doce.
999 2681 1154 2723 hostium
1177 2681 1350 2715 Senatum
1378 2678 1445 2714 edo
1450 2686 1518 2712 c·et
1543 2672 1605 2708 1151
1632 2683 1666 2706 V·

253 2734 355 2769 Caes.
386 2736 430 2770 de
455 2739 497 2773 B.
525 2738 569 2772 C.
597 2740 658 2772 ΠΙ.
691 2746 765 2779 103.
818 2740 925 2772 Hune
1001 2738 1103 2773 Cort-

251 2795 450 2829 incitatum
470 2795 548 2838 fids
569 2812 611 2818 --
634 2796 830 2839 quaesivi
845 2795 924 2829 wl-
