1664 3100
164 173 228 235 96
418 173 422 178 ·
658 153 1030 216 'HECYRA.

162 301 264 346 bus.
342 298 499 343 Relata
531 298 592 342 est
630 303 771 343 tertio
807 307 904 343 tota
939 314 1032 343 non
1060 298 1415 358 impedientibus
1445 299 1581 350 ludis,

162 369 336 430 Quinto
366 364 547 418 Fulvio,
585 368 727 411 Lucio
754 368 915 411 Marco
947 367 1161 420 aedilibus
1188 369 1432 413 curulibus.
1501 369 1585 414 Fu-

160 441 326 482 nebres
350 439 445 482 ludi
466 439 741 482 vocabantur
758 451 872 492 quos
896 438 1178 480 exercebant
1199 441 1246 480 in
1266 437 1580 482 anniversariis

160 523 321 566 regum
352 515 427 549 aut
454 510 709 565 principum
743 519 854 560 quos
890 509 1011 548 inter
1044 504 1210 550 heroas
1243 509 1580 565 computabant.

161 575 448 621 AECHIRA
478 590 646 618 nomen
681 573 784 617 huic
806 573 985 617 fabulae
1020 574 1095 616 est.
1154 575 1291 622 Dicta
1324 587 1474 618 autem
1493 576 1581 620 Ae-

162 645 302 703 chyra
329 659 353 686 a
381 645 486 687 loco
514 643 634 687 haud
655 643 791 701 longe
820 642 1011 686 distante
1038 645 1094 688 ab
1122 642 1325 689 Athenis
1361 647 1438 690 ubi
1467 644 1579 690 haec

161 723 262 757 acta
289 713 407 757 sunt.

600 843 695 888 DE
764 840 1138 891 PROLOGO.

271 948 377 992 Mea
402 947 527 992 causa
547 951 621 1003 (v.
645 951 744 1003 20.)
771 948 819 991 id
841 948 903 992 est
921 956 1113 1007 propter
1133 961 1281 990 meam
1309 947 1480 992 causam
1503 949 1580 1006 qui

158 1023 302 1063 recito
332 1017 447 1060 hanc
478 1018 674 1060 fabulam
704 1022 910 1076 accipite,
959 1027 1006 1060 et
1033 1017 1137 1059 date
1171 1017 1417 1069 silentium,
1452 1031 1504 1062 ut
1531 1019 1581 1062 li-

159 1088 265 1131 beat
289 1088 386 1131 aliis
404 1092 553 1146 poetis
584 1087 777 1130 scribere
804 1086 1156 1135 delectabiliter,
1205 1086 1408 1143 mihique
1435 1096 1488 1131 ut
1519 1089 1582 1131 di-

157 1158 366 1201 scernere
388 1170 528 1200 novas
544 1157 719 1200 fabulas
743 1157 969 1214 expediat.
1026 1156 1232 1214 Emptas,
1251 1156 1350 1215 post
1370 1156 1454 1200 hac
1475 1172 1578 1200 meo

157 1231 305 1286 pretio
335 1228 402 1284 (v.
434 1230 538 1282 49.)
587 1226 634 1269 id
668 1225 731 1268 est
760 1224 981 1269 beneficio
1013 1234 1060 1267 et
1087 1227 1288 1274 favorem
1318 1227 1581 1285 impenden-

159 1296 218 1338 do
238 1305 413 1354 poetae.
471 1295 524 1337 In
547 1292 636 1336 hoc
659 1294 994 1350 quodammodo
1014 1307 1087 1339 eas
1114 1297 1308 1346 emebat,
1336 1297 1456 1353 quod
1475 1312 1580 1356 poe-

158 1374 233 1409 tae
255 1370 422 1410 victum
444 1373 488 1407 et
515 1363 778 1407 vestimenta
806 1365 1067 1422 praebebat.

266 1435 391 1478 Haec
420 1433 569 1476 fabula
598 1432 869 1491 multiplices
902 1433 1039 1476 habet
1069 1438 1325 1479 varietates.
1383 1434 1577 1480 Summa

158 1515 310 1549 tamen
353 1507 448 1547 eius
490 1503 600 1546 haec
639 1502 716 1547 est.
789 1502 1050 1561 Pamphilus
1095 1505 1276 1559 quidam
1317 1505 1574 1561 adolescens

158 1574 275 1618 filius
304 1572 468 1615 Lachis
504 1573 618 1615 senis
652 1581 698 1614 et
737 1570 968 1616 Sostratae
1006 1575 1182 1616 amabat
1220 1578 1409 1618 nimium
1441 1590 1575 1631 quan·

160 1644 263 1687 dam
298 1646 586 1684 meretricem
616 1644 800 1684 nomine
835 1641 1079 1685 Bachidem
1111 1645 1352 1699 ignorante
1381 1641 1471 1687 hoc
1499 1659 1574 1703 pa-

159 1722 232 1757 tre
262 1721 307 1756 et
338 1719 494 1752 matre.
562 1710 620 1751 Et
644 1714 850 1753 veniente
878 1715 966 1753 iam
993 1720 1138 1753 aetate
1166 1726 1252 1767 qua
1282 1727 1473 1756 uxorem
1494 1716 1574 1758 du·

159 1797 263 1828 cere
299 1780 460 1822 habilis
499 1788 622 1827 erat,
680 1788 809 1838 pater
855 1781 953 1823 suus
995 1779 1160 1822 Lachis
1199 1780 1476 1838 desponsavit
1529 1789 1571 1828 ei

157 1852 288 1896 aliam
323 1848 518 1906 puellam
550 1851 735 1889 nomine
770 1847 1080 1892 Philumenam
1116 1848 1327 1907 Phidippi
1361 1862 1406 1895 et
1434 1852 1571 1898 Meri·

154 1935 265 1969 nae,
319 1917 413 1975 ipso
465 1916 648 1959 nolente
695 1920 904 1972 quoniam
948 1915 1082 1959 fidem
1127 1916 1321 1962 habebat
1366 1919 1570 1967 Bachidi.

155 1990 277 2049 Quid
309 1984 480 2029 multa?
555 1986 701 2028 Duxit
727 1985 1040 2030 Philumenam
1073 1991 1145 2030 cui
1178 1989 1406 2044 quondam
1438 1995 1568 2050 igno-

152 2067 307 2102 ranter
334 2060 493 2100 vitium
519 2055 688 2097 fecerat
715 2056 1013 2098 concubendo
1045 2070 1148 2099 cum
1179 2071 1251 2106 ea,
1281 2062 1466 2116 eiusque
1493 2077 1566 2107 an-

152 2127 307 2172 nulum
338 2140 471 2181 quem
501 2138 583 2182 per
611 2129 700 2167 vim
735 2126 1015 2174 detraxerat,
1047 2126 1232 2168 dederat
1269 2129 1438 2172 amic'ae
1466 2131 1566 2177 suae

151 2196 352 2240 Bachidi.
419 2194 578 2237 Multis
611 2198 748 2252 igitur
788 2194 945 2237 diebus
993 2210 1097 2237 cum
1134 2193 1385 2240 mansissent
1424 2198 1580 2251 fimul,

150 2266 386 2326 postquam
430 2276 530 2306 eam
568 2263 721 2312 duxit,
768 2276 861 2305 non
893 2265 1141 2307 concubuit
1180 2280 1282 2307 cum
1332 2281 1405 2317 ea,
1459 2286 1564 2325 quo-

150 2340 274 2379 niam
322 2334 529 2382 dolebat,
583 2332 705 2388 quod
748 2331 884 2375 fidem
920 2347 1050 2392 quam
1079 2332 1264 2377 Bachidi
1297 2337 1564 2392 promiserat

150 2420 244 2448 non
287 2404 502 2447 servasset.
577 2402 669 2444 Illis
699 2406 834 2444 etiam
865 2403 1023 2446 diebus
1056 2411 1179 2445 certa
1212 2405 1336 2447 causa
1374 2406 1563 2451 existen-

149 2483 197 2517 te
219 2488 243 2516 a
261 2482 388 2532 patre
418 2470 571 2514 missus
602 2471 664 2513 est
694 2471 924 2528 profectus
953 2474 1001 2514 in
1023 2471 1242 2514 Imbrum.
1302 2472 1438 2518 Tunc
1462 2476 1563 2521 Phi·
1608 2513 1615 2519 .

149 2542 327 2587 lumena
361 2556 492 2596 quam
525 2540 886 2597 desponsaverat,
933 2549 979 2583 et
1009 2555 1139 2596 quam
1174 2542 1298 2586 domi
1338 2544 1563 2591 dimiserat

149 2613 345 2657 sentiens
380 2610 421 2653 se
454 2611 707 2668 gravidam,
746 2625 801 2652 ex
822 2609 910 2653 hoc
932 2611 1052 2665 quod
1074 2625 1124 2653 ea
1153 2612 1333 2655 nolente
1364 2624 1407 2657 et
1430 2620 1560 2674 igno·

150 2692 281 2726 rante
303 2678 561 2738 Pamphilus
595 2680 821 2734 quondam
844 2682 1151 2723 concubuerat
1184 2697 1283 2725 cum
1308 2696 1357 2724 ea
1385 2685 1558 2729 reversa

151 2752 214 2795 est
241 2753 297 2795 ad
331 2752 514 2794 domum
537 2757 770 2807 paternam
799 2749 1003 2792 indicans
1034 2747 1122 2792 hoc
1155 2749 1230 2794 soli
1264 2756 1410 2796 matri.
1470 2754 1560 2797 Cu-
