1708 3106
286 172 377 233 196
797 135 1180 216 mommo.

276 306 460 353 Verum
481 302 725 359 scientem,
748 305 806 360 ι2)
843 302 1052 352 taciturn
1078 307 1133 365 ¹3)
1172 303 1371 352 causam
1394 300 1695 353 tradere'ad-

636 371 879 428 versariis,

275 440 500 489 Etiamne
520 436 672 488 idlex
692 439 888 503 coegit?
952 442 1052 486 PH.
1087 437 1215 488 Illud
1236 437 1431 498 durum.
1476 438 1571 489 GE.
1591 442 1694 506 Ego

635 495 908 572 expediam.
937 505 1049 555 fine.

272 578 428 623 DEM.
461 579 707 625 Incertum
730 575 818 632 est,
849 574 973 641 quid
992 592 1150 640 agam,
1187 575 1308 642 quia
1328 587 1528 640 praeter
1547 575 1693 640 spem,

635 656 789 707 atque
817 641 1111 691 incredibile
1133 642 1232 691 hoc
1262 642 1381 689 mihi
1404 642 1595 710 obtigit.

206 714 348 760 mlta
368 710 505 759 sum
493 710 747 767 mitatus,
782 711 1002 758 animum
1029 723 1087 759 ut
1110 727 1361 778 nequeam
1386 714 1441 772 ¹4)
1478 711 1542 780 ad
1565 710 1695 776 cogi-

634 748 846 826 tandum
869 778 1137 827 instituere.

272 844 615 913 Quamobrem
648 863 823 894 omnes
857 862 974 895 curn
1006 845 1252 895 secundae
1279 862 1362 894 res
1385 845 1499 894 sunt
1519 862 1694 898 maxu-

631 931 754 971 mae,
779 915 839 972 ¹⁵)
870 927 976 962 tum
999 931 1234 962 maxume

273 981 507 1044 Meditari
529 982 693 1030 secum
718 994 939 1046 oportet,
976 999 1079 1050 quo
1097 995 1248 1048 pacto
1274 979 1527 1031 adversam
1554 996 1694 1029 aeru-

502 1090 504 1092 .
630 1066 796 1097 mnam
818 1049 992 1108 ferant,
1031 1072 1033 1074 ·

268 1115 485 1175 Pericla,
529 1115 717 1174 exilia,
742 1116 936 1166 damna.
1016 1120 1226 1198 Peregre
1269 1113 1470 1166 rediens
1506 1116 1694 1182 semper

631 1186 821 1251 cogites
850 1186 885 1247 )

269 1261 373 1303 Aut
401 1250 489 1300 filii
521 1266 809 1320 peccatum,
846 1266 937 1301 aut
968 1253 1143 1302 uxoris
1177 1263 1411 1310 mortem,
1445 1263 1536 1300 aut
1567 1268 1692 1300 mor-

631 1319 752 1368 bum
775 1319 917 1368 filiae.

202 1400 252 1440 15
271 1388 568 1463 Communia
598 1388 690 1436 esse
723 1387 860 1446 haec,
887 1386 945 1448 16)
971 1386 1079 1437 fieri
1107 1387 1254 1456 posse,
1281 1389 1342 1448 ι7)
1385 1400 1445 1437 ut
1473 1401 1549 1436 ne
1566 1384 1694 1454 quid

559 1471 564 1475 ’
629 1457 798 1505 animo
819 1455 876 1505 lit
904 1475 1104 1506 novum.

272 1523 534 1592 Quicquid
557 1537 757 1590 praeter
775 1525 909 1591 spem
933 1525 1151 1583 eveniat,
1184 1541 1332 1573 omne
1363 1521 1416 1572 id
1449 1521 1692 1589 deputare

632 1593 764 1640 esse
751 1610 803 1640 111
832 1591 990 1641 lucro.

274 1659 369 1709 GE.
405 1661 447 1708 Ο
470 1658 683 1707 Phedria
714 1660 1003 1708 incredibile
1033 1672 1228 1727 quanto
1261 1677 1405 1709 erum
1433 1668 1612 1708 anteeo
1636 1659 1692 1719 ¹8)

633 1728 885 1794 sapientia.

333 1884 390 1923 ια)
415 1881 439 1916 i.
464 1893 495 1916 e.
518 1880 770 1928 intelligibiles
803 1893 918 1916 annos
944 1879 1138 1916 habentem
1155 1891 1191 1916 et
1217 1878 1391 1915 scientem
1416 1877 1516 1926 quod
1534 1877 1609 1914 fine
1627 1879 1693 1913 im-

375 1938 480 1987 perio
502 1938 613 1985 patrie
632 1952 707 1973 non
729 1938 861 1973 debeat
878 1937 979 1971 illam
1009 1936 1151 1972 ducere.
1177 1935 1351 1984 (supple),
1371 1935 1486 1970 filium
1536 1939 1591 1978 ¹3)
1615 1931 1694 1970 non

375 1993 668 2039 respondentem.
689 1994 787 2029 deest
814 2005 850 2030 et
909 1995 969 2039 ¹4)
994 1993 1110 2040 ipsum
1134 1994 1296 2028 animum
1357 1997 1413 2035 15)
1438 1993 1476 2027 in
1499 1992 1559 2027 die
1578 1991 1694 2027 bono-

374 2065 455 2086 rum
475 2063 510 2087 et
530 2063 598 2091 cet.
618 2053 665 2090 D.
685 2053 739 2087 M.
755 2071 766 2083 ο
794 2052 833 2098 *)
858 2053 948 2091 edit.
968 2063 1004 2088 et
1026 2054 1147 2088 Bentl.
1167 2052 1301 2098 cogitet
1358 2052 1413 2092 16)
1437 2049 1607 2085 omnibus
1626 2049 1694 2085 ho-

374 2107 535 2144 minibus
603 2113 658 2156 ¹7)
687 2110 807 2157 cogita
870 2114 926 2153 ¹8)
954 2109 1147 2157 praecello.

318 2312 351 2344 7.
370 2303 515 2346 causam
532 2303 682 2339 eradere
698 2305 947 2351 adversariis]
1025 2302 1135 2339 Ture.
1151 2302 1215 2337 111.
1240 2305 1292 2345 14.
1306 2313 1326 2335 e
1341 2299 1458 2336 Msstie
1476 2297 1695 2348 quibusdam

274 2356 372 2391 idem
393 2357 568 2402 fignificat
587 2360 687 2406 quod
706 2366 850 2409 causam
869 2377 950 2407 per·-
1026 2359 1142 2404 legere
1158 2357 1293 2394 mavult
1309 2361 1499 2404 instruere,
1522 2356 1583 2393 sed
1603 2356 1696 2393 hehe

274 2416 360 2450 der-e
386 2412 424 2448 h.
456 2427 488 2448 e.
518 2416 594 2461 pati
629 2415 735 2452 facile
768 2418 803 2453 Ie
838 2419 947 2453 vinci.
1027 2415 1138 2451 habet
1157 2415 1266 2451 lectio
1286 2417 1443 2461 vulgata.

275 2471 354 2505 lcti
393 2470 520 2507 dicunt
564 2472 706 2508 causam
742 2474 949 2511 adversarii·
1076 2486 1128 2508 ιι.
1153 2485 1230 2510 tum
1255 2473 1441 2518 maxime]
1497 2469 1696 2506 Zinzerlin-

276 2525 411 2561 donare
434 2538 469 2562 et
491 2530 738 2575 praevaricari.
1026 2532 1106 2578 gius
1136 2531 1174 2566 in
1191 2531 1361 2579 promuls.
1382 2530 1507 2566 critica
1523 2529 1642 2564 iuven.
1663 2539 1695 2562 c.

325 2595 378 2617 ιο.
418 2588 580 2622 animum
615 2588 668 2623 ad
702 2589 948 2635 cogitandum
1025 2602 1082 2624 ιη.
1107 2589 1223 2634 legere
1255 2599 1372 2624 tentat
1399 2601 1480 2624 cum
1512 2587 1694 2625 maxime,-

275 2640 481 2687 instituere]
530 2644 568 2678 h.
597 2656 630 2680 e.
660 2643 821 2678 animum
852 2657 950 2678 com·
1024 2644 1163 2683 frustra.
1198 2658 1229 2679 v.
1261 2646 1402 2681 Duker.
1439 2643 1487 2679 ad
1523 2641 1694 2679 Flet-11·

274 2710 422 2743 ponere,
446 2710 485 2733 ut
504 2700 637 2746 cogitet
657 2700 746 2750 quid
767 2700 949 2745 agendum
1029 2698 1244 2750 16.p.43o

276 2751 330 2788 fit.
362 2754 564 2793 Bouhetius
595 2757 643 2792 ad
684 2757 764 2792 Cic.
812 2758 946 2805 quaest.
