1664 3100
168 140 230 203 14
685 142 1046 191 ADELPHI.

159 275 374 329 Nullum
393 275 550 326 huius
569 277 630 338 34)
664 276 856 377 ἱειέωιτι
875 274 940 341 35)
979 272 1145 327 fimile.
1186 274 1315 328 haec
1342 292 1460 328 cum
1487 274 1573 334 illi,

517 345 676 396 Micio
702 349 723 384 3
750 352 764 404 )

159 413 317 472 Dico,
354 412 448 461 tibi
477 412 615 473 dic03
649 427 708 462 tu
736 410 880 462 illum
898 413 1156 480 corrumpi
1185 410 1313 463 finis

158 483 249 530 MI.
302 481 520 531 Homine
548 482 785 549 imperito
828 499 1097 550 nunquam
1129 482 1408 550 quicquam
1450 480 1574 529 iniu

517 549 638 599 stius
675 550 744 597 est
773 552 811 611 *)

160 619 258 684 Qui
277 614 366 665 nifi
393 616 535 684 quod
554 619 655 684 ipse
683 618 801 667 fecit
819 617 947 668 nihil
963 619 1027 678 **)
1060 629 1258 669 rectum
1280 629 1441 684 putat.

88 708 143 736 20
155 685 316 734 DEM.
348 685 596 750 Quorsum
626 686 783 736 istuc?
812 689 874 747 37)
941 690 1030 736 ΜΙ.
1063 685 1196 752 Quia
1216 698 1279 741 tu
1296 687 1491 735 Demea
1516 687 1577 746 58)

517 751 646 803 haec
671 758 732 813 39)
767 753 899 804 male
926 753 1139 804 iudicas.

159 825 283 873 Non
303 822 372 871 est
389 819 633 887 flagitium
652 820 775 871 mihi
797 821 947 874 crede
966 819 1395 872 adulescentulum
1409 859 1421 879 ,

160 890 407 949 Scortari,
428 891 493 949 40)
528 907 696 956 neque
715 905 919 957 potare,
950 907 1053 940 non
1072 890 1141 938 eft
1157 893 1220 950 4¹)
1253 906 1422 956 neque
1444 886 1578 938 fores

159 957 443 1024 Effringere.
466 962 528 1020 4²)
594 961 737 1009 Haec
765 957 802 1008 fi
832 976 1002 1027 neque
1032 975 1148 1024 ego,
1191 973 1359 1025 neque
1386 970 1443 1006 tu
1467 955 1582 1007 feci·

523 1043 637 1076 mus

158 1097 281 1144 Non
302 1092 412 1144 fivit
433 1094 646 1160 egestas,
679 1094 844 1145 facere
873 1112 982 1143 nos.
1050 1097 1137 1143 Tu
1169 1110 1310 1142 nunc
1338 1090 1434 1147 tibi

88 1172 145 1215 2⁵
158 1161 214 1211 Id
234 1161 374 1211 laudi
399 1162 558 1224 ducis,
576 1166 639 1222 43)
676 1161 816 1229 quod
848 1176 959 1211 tum
988 1161 1142 1212 fecisti
1173 1161 1380 1236 inopia?
1407 1161 1474 1221 44)
1506 1161 1544 1220 ’)

162 1231 409 1279 Inituium
437 1232 516 1279 est.
534 1235 596 1292 45)
663 1232 799 1280 Nam
819 1228 854 1279 fi
886 1231 1004 1279 esset
1023 1228 1159 1279 unde
1192 1227 1244 1277 id
1278 1226 1435 1286 fieret,

156 1301 460 1348 Faceremus
483 1295 549 1358 46)
579 1301 639 1347 Et
657 1312 715 1348 tu
738 1297 882 1347 illum
905 1312 1049 1347 tuum
1061 1299 1149 1356 47)
1154 1294 1190 1346 11
1212 1296 1332 1346 effes
1354 1294 1508 1345 horno
1519 1298 1581 1359 48)

159 1365 358 1416 Sineres
385 1385 524 1416 nunc
547 1367 711 1416 facere
736 1364 856 1416 dum
884 1384 976 1432 per
996 1378 1211 1416 aetatem
1231 1362 1364 1421 licet,

159 1434 334 1484 Potius
358 1452 514 1503 quam
533 1433 624 1484 ubi
646 1448 695 1485 te
713 1446 1037 1504 expectatum
1055 1432 1271 1485 eiecisset
1294 1435 1445 1491 foras,

217 1572 279 1613 54)
303 1568 354 1603 mi
358 1567 456 1603 noris
504 1571 563 1613 35)
590 1569 631 1603 in
649 1566 684 1604 se
711 1566 825 1603 habet
881 1567 947 1614 36)
970 1579 994 1601 o
1023 1565 1140 1601 Micio
1195 1565 1231 1609 ⁴¹)
1258 1563 1350 1602 edit.
1379 1568 1501 1602 omitt.
1531 1560 1583 1602 0st
1627 1595 1636 1604 .

261 1626 374 1663 habet
394 1628 522 1664 Ber-cl.
568 1626 620 1672 u)
646 1628 738 1663 edit.
758 1625 814 1661 nil
859 1626 924 1671 37)
948 1624 996 1659 ad
1015 1635 1124 1671 quam
1143 1634 1283 1671 purtem
1302 1621 1423 1658 tendis
1471 1625 1531 1665 38)
1557 1634 1582 1657 ο
1623 1645 1627 1649 -

260 1683 405 1718 Demea
470 1687 529 1730 39)
557 1682 677 1718 studia
707 1683 879 1718 iuvenum
933 1685 997 1726 4ο)
1024 1680 1245 1717 meretricari
1309 1682 1370 1724 41)
1402 1678 1583 1724 flagitium
1657 1679 1664 1715 Ῐ

261 1740 330 1785 ’42)
355 1739 406 1775 est
424 1737 603 1785 flagitium
648 1743 709 1784 43)
737 1753 803 1787 pro
825 1738 936 1774 laude
956 1737 1110 1785 deputas
1155 1739 1224 1784 44)
1247 1735 1348 1784 quod
1365 1747 1444 1773 tum
1463 1735 1582 1771 facero

260 1808 341 1831 non
365 1796 515 1843 potuisti
542 1809 627 1844 prae
653 1796 784 1844 inopia
843 1796 880 1842 ⁴)
903 1794 995 1832 edic.
1022 1809 1098 1832 non
1122 1797 1341 1838 interrogat
1400 1797 1462 1838 ⁴5)
1486 1792 1583 1828 iniu-

262 1851 357 1916 Iium
369 1852 531 1946 estguod
541 1854 616 1900 agis
661 1854 724 1900 46)
747 1854 787 1890 ὶιι
804 1852 1050 1890 adolescentia
1094 1855 1155 1899 47)
1180 1850 1299 1887 filium
1344 1853 1406 1897 48)
1423 1849 1453 1888 fi
1468 1847 1582 1888 seien-

262 1919 354 1947 tiam
372 1910 421 1946 ha
448 1924 539 1947 erec.

194 2068 252 2093 22·
286 2071 363 2095 non
390 2059 464 2106 ese]
528 2060 657 2096 efficax
687 2073 723 2098 et
752 2062 825 2097 ele-
900 2060 991 2097 den·
1013 2058 1114 2095 esses.
1139 2057 1235 2094 intra
1250 2058 1579 2105 1V.2.4o.v.quae

147 2125 237 2159 gans
272 2115 475 2160 negationis
517 2119 701 2165 repetitio.
741 2119 821 2156 Cic.
902 2118 1060 2154 diximus
1084 2116 1131 2151 ad
1151 2115 1267 2151 Rutil.
1292 2116 1387 2161 Lup.
1404 2115 1450 2150 11.
1474 2120 1552 2158 ¹¹4·

143 2183 213 2218 pro
241 2170 338 2217 Sylla
365 2184 395 2205 c.
414 2185 471 2218 27.
494 2189 567 2211 non
585 2178 710 2216 cadit.
745 2191 822 2213 non
944 2177 1097 2223 29.ub1‘
1123 2187 1162 2211 te
1188 2184 1429 2219 expectatum
1455 2172 1578 2219 eiecis-

145 2231 302 2277 inquam
337 2230 441 2267 cadit
486 2242 555 2267 etc.
599 2234 746 2271 Terent.
782 2234 823 2268 in
889 2239 950 2283 sec
976 2234 1046 2279 de]
1095 2233 1121 2267 i.
1153 2245 1186 2267 e
1207 2243 1291 2265 cum
1321 2240 1358 2265 te
1385 2227 1580 2280 bominem

144 2284 293 2320 Phofm·
322 2287 368 2320 ῙῙ·
390 2295 424 2329 3·
455 2300 512 2334 72
532 2301 565 2327 v
591 2289 753 2328 Gronov.
776 2290 824 2327 ad
901 2289 1092 2329 odiosum.
1127 2288 1230 2324 cuius
1258 2297 1412 2322 mortem
1437 2283 1502 2320 diu
1520 2296 1581 2319 ex-

145 2343 226 2381 Ln-
245 2344 361 2378 XXX·
389 2350 443 2388 ¹4·
901 2348 1062 2397 optavit.
1113 2346 1246 2394 raptim
1291 2354 1327 2379 et
1367 2341 1580 2377 festinanter

192 2400 250 2435 ²6·
279 2400 321 2444 fi
345 2403 456 2447 ’.θ-εἴ]
521 2415 587 2449 ΡΥΟ
614 2405 654 2449 fi
673 2406 821 2453 sufflet
898 2402 1123 2454 sepeliviss'et.
1166 2404 1390 2447 Exspectare
1419 2409 1580 2450 mrtem
1656 2433 1657 2439 ¹

146 2456 291 2503 imperf.
320 2455 499 2493 subiunct.
518 2473 584 2506 pro
612 2462 824 2509 plusquam·
898 2465 1063 2499 alieuius
1105 2459 1279 2509 exquilite
1331 2456 1466 2492 dicitur
1507 2467 1576 2502 pro

144 2512 236 2561 Paf-
257 2513 382 2549 F¹0¹¹³⁸
411 2515 470 2549 ΠῙ-
492 2524 525 2557 3-
546 2530 582 2562 p.
602 2526 682 2559 501.
705 2518 767 2552 ubi
788 2531 821 2553 ν.
897 2531 1052 2555 mortem
1083 2517 1218 2566 cupido
1248 2525 1395 2563 optare,
1439 2511 1579 2547 defide-

142 2570 285 2605 DUkffl'
331 2571 391 2605 Sic
421 2573 727 2617 moxfaceremus
750 2589 816 2623 pro
893 2590 984 2614 rare.
1015 2575 1110 2611 infra
1135 2576 1184 2611 V.
1213 2580 1248 2618 4.
1270 2581 1307 2616 5.
1355 2572 1456 2606 Eam.
1476 2567 1575 2603 verbi

134 2629 364 2675 s‘clffimus·
895 2633 968 2667 vim
990 2631 1137 2679 copiose
1165 2629 1407 2679 explicuimus
1434 2625 1482 2662 ad
1501 2625 1577 2661 Ru-

189 2697 247 2731 27,
264 2685 305 2729 fi
320 2688 406 2730 esses
427 2684 559 2729 bomo]
609 2688 633 2721 i.
653 2700 683 2722 e.
707 2687 733 2722 fi
753 2688 821 2723 hu—
896 2690 953 2726 til.
981 2691 1074 2738 Lup.
1095 2691 1124 2726 Ι.
1143 2701 1203 2728 ιο.

143 2754 296 2779 manum
321 2740 461 2778 sensum
483 2742 656 2785 habetes,
691 2744 717 2781 fi
740 2758 822 2792 pru-
