<?xml version="1.0" encoding="UTF-8"?>
<!DOCTYPE html PUBLIC "-//W3C//DTD XHTML 1.0 Transitional//EN"
    "http://www.w3.org/TR/xhtml1/DTD/xhtml1-transitional.dtd">
<html xmlns="http://www.w3.org/1999/xhtml" xml:lang="en" lang="en">
 <head>
  <title>
</title>
<meta http-equiv="Content-Type" content="text/html;charset=utf-8" />
  <meta name='ocr-system' content='tesseract 3.04.00' />
  <meta name='ocr-capabilities' content='ocr_page ocr_carea ocr_par ocr_line ocrx_word'/>
</head>
<body>
  <div class='ocr_page' id='page_1' title='image "./comoediaesex02tereuoft_0139.png"; bbox 0 0 1708 3106; ppageno 0'>
   <div class='ocr_carea' id='block_1_1' title="bbox 54 0 298 25">
    <p class='ocr_par' dir='ltr' id='par_1_1' title="bbox 54 0 298 25">
     <span class='ocr_line' id='line_1_1' title="bbox 54 0 298 25; baseline 0 -8"><span class='ocrx_word' id='word_1_1' title='bbox 54 0 150 25; x_wconf 40' lang='lat'><strong>2255&amp;</strong></span> <span class='ocrx_word' id='word_1_2' title='bbox 210 0 220 6; x_wconf 73' lang='grc'><strong>·’</strong></span> <span class='ocrx_word' id='word_1_3' title='bbox 295 10 298 12; x_wconf 35' lang='lat' dir='ltr'>v</span> 
     </span>
    </p>
   </div>
   <div class='ocr_carea' id='block_1_2' title="bbox 49 180 1553 1666">
    <p class='ocr_par' dir='ltr' id='par_1_2' title="bbox 49 180 1553 1666">
     <span class='ocr_line' id='line_1_2' title="bbox 540 180 1547 233; baseline 0.004 -5"><span class='ocrx_word' id='word_1_4' title='bbox 540 184 683 229; x_wconf 69' lang='lat' dir='ltr'><strong>Aer.</strong></span> <span class='ocrx_word' id='word_1_5' title='bbox 714 181 788 228; x_wconf 89' lang='lat'>111.</span> <span class='ocrx_word' id='word_1_6' title='bbox 850 180 1028 230; x_wconf 59' lang='lat' dir='ltr'><strong>Sem«,</strong></span> <span class='ocrx_word' id='word_1_7' title='bbox 1062 182 1142 229; x_wconf 87' lang='lat'>111.</span> <span class='ocrx_word' id='word_1_8' title='bbox 1461 186 1547 233; x_wconf 82' lang='lat'><strong>131</strong></span> 
     </span>
     <span class='ocr_line' id='line_1_3' title="bbox 112 312 1553 383; baseline 0.002 -19"><span class='ocrx_word' id='word_1_9' title='bbox 112 313 451 383; x_wconf 79' lang='lat' dir='ltr'><strong>-Quin&#39;quo&#39;d&#39;</strong></span> <span class='ocrx_word' id='word_1_10' title='bbox 469 315 574 366; x_wconf 85' lang='lat' dir='ltr'><strong>veri</strong></span> <span class='ocrx_word' id='word_1_11' title='bbox 605 312 760 364; x_wconf 86' lang='lat' dir='ltr'><strong>fimile</strong></span> <span class='ocrx_word' id='word_1_12' title='bbox 788 313 859 363; x_wconf 80' lang='lat' dir='ltr'><strong>e&#39;st</strong></span> <span class='ocrx_word' id='word_1_13' title='bbox 887 331 951 363; x_wconf 83' lang='lat' dir='ltr'><strong>ex</strong></span> <span class='ocrx_word' id='word_1_14' title='bbox 980 326 1030 364; x_wconf 86' lang='lat' dir='ltr'><strong>te</strong></span> <span class='ocrx_word' id='word_1_15' title='bbox 1047 327 1204 365; x_wconf 72' lang='lat' dir='ltr'><strong>rrecte</strong></span> <span class='ocrx_word' id='word_1_16' title='bbox 1234 331 1350 365; x_wconf 87' lang='lat' dir='ltr'><strong>eum</strong></span> <span class='ocrx_word' id='word_1_17' title='bbox 1374 318 1553 367; x_wconf 75' lang='lat' dir='ltr'><strong>nat&#39;um</strong></span> 
     </span>
     <span class='ocr_line' id='line_1_4' title="bbox 479 395 676 450; baseline 0 -18"><span class='ocrx_word' id='word_1_18' title='bbox 479 395 676 450; x_wconf 82' lang='lat' dir='ltr'><strong>putent.</strong></span> 
     </span>
     <span class='ocr_line' id='line_1_5' title="bbox 53 447 1550 520; baseline 0.001 -21"><span class='ocrx_word' id='word_1_19' title='bbox 53 464 110 512; x_wconf 76' lang='grc' dir='ltr'><strong>4ο</strong></span> <span class='ocrx_word' id='word_1_20' title='bbox 123 451 379 509; x_wconf 77' lang='lat' dir='ltr'>Continuo</span> <span class='ocrx_word' id='word_1_21' title='bbox 398 463 692 517; x_wconf 82' lang='lat' dir='ltr'><strong>exponetur.</strong></span> <span class='ocrx_word' id='word_1_22' title='bbox 722 450 782 508; x_wconf 85' lang='lat'><strong>¹8)</strong></span> <span class='ocrx_word' id='word_1_23' title='bbox 819 447 904 500; x_wconf 88' lang='lat' dir='ltr'><strong>hic</strong></span> <span class='ocrx_word' id='word_1_24' title='bbox 922 448 1016 500; x_wconf 82' lang='lat' dir='ltr'>tibi</span> <span class='ocrx_word' id='word_1_25' title='bbox 1039 448 1163 499; x_wconf 89' lang='lat' dir='ltr'>nihil</span> <span class='ocrx_word' id='word_1_26' title='bbox 1181 450 1251 500; x_wconf 86' lang='lat' dir='ltr'><strong>est</strong></span> <span class='ocrx_word' id='word_1_27' title='bbox 1270 451 1550 520; x_wconf 83' lang='lat' dir='ltr'>quicquam</span> 
     </span>
     <span class='ocr_line' id='line_1_6' title="bbox 213 517 800 575; baseline 0 -10"><span class='ocrx_word' id='word_1_28' title='bbox 213 570 218 574; x_wconf 69' lang='lat'><em>,</em></span> <span class='ocrx_word' id='word_1_29' title='bbox 320 518 324 522; x_wconf 71' lang='grc'><strong>”</strong></span> <span class='ocrx_word' id='word_1_30' title='bbox 477 517 800 575; x_wconf 85' lang='lat' dir='ltr'>incommodi,</span> 
     </span>
     <span class='ocr_line' id='line_1_7' title="bbox 122 583 1550 653; baseline 0.002 -19"><span class='ocrx_word' id='word_1_31' title='bbox 122 589 185 634; x_wconf 88' lang='lat' dir='ltr'><strong>Et</strong></span> <span class='ocrx_word' id='word_1_32' title='bbox 224 583 297 634; x_wconf 87' lang='lat' dir='ltr'>illi</span> <span class='ocrx_word' id='word_1_33' title='bbox 329 585 530 634; x_wconf 84' lang='lat' dir='ltr'>miserae</span> <span class='ocrx_word' id='word_1_34' title='bbox 561 588 622 646; x_wconf 86' lang='lat'><strong>¹9)</strong></span> <span class='ocrx_word' id='word_1_35' title='bbox 656 585 892 653; x_wconf 85' lang='lat' dir='ltr'><strong>indignae</strong></span> <span class='ocrx_word' id='word_1_36' title='bbox 928 585 1112 636; x_wconf 85' lang='lat' dir='ltr'>factam</span> <span class='ocrx_word' id='word_1_37' title='bbox 1154 587 1393 636; x_wconf 85' lang='lat' dir='ltr'>iniuriam</span> <span class='ocrx_word' id='word_1_38' title='bbox 1432 605 1550 637; x_wconf 89' lang='lat' dir='ltr'><strong>con·</strong></span> 
     </span>
     <span class='ocr_line' id='line_1_8' title="bbox 478 654 763 714; baseline 0.007 -13"><span class='ocrx_word' id='word_1_39' title='bbox 478 654 675 703; x_wconf 89' lang='lat' dir='ltr'><strong>texeris.</strong></span> <span class='ocrx_word' id='word_1_40' title='bbox 697 661 763 714; x_wconf 82' lang='lat'><strong>²⁰)</strong></span> 
     </span>
     <span class='ocr_line' id='line_1_9' title="bbox 122 717 1547 783; baseline 0.001 -13"><span class='ocrx_word' id='word_1_41' title='bbox 122 717 386 770; x_wconf 88' lang='lat' dir='ltr'><strong>Pollicitus</strong></span> <span class='ocrx_word' id='word_1_42' title='bbox 416 720 536 780; x_wconf 83' lang='lat' dir='ltr'>sum,</span> <span class='ocrx_word' id='word_1_43' title='bbox 571 724 633 782; x_wconf 82' lang='lat'><strong>²¹)</strong></span> <span class='ocrx_word' id='word_1_44' title='bbox 676 735 729 771; x_wconf 91' lang='lat' dir='ltr'><strong>et</strong></span> <span class='ocrx_word' id='word_1_45' title='bbox 760 721 952 773; x_wconf 85' lang='lat' dir='ltr'><strong>servare</strong></span> <span class='ocrx_word' id='word_1_46' title='bbox 979 723 1032 771; x_wconf 89' lang='lat' dir='ltr'><strong>in</strong></span> <span class='ocrx_word' id='word_1_47' title='bbox 1061 739 1123 772; x_wconf 91' lang='lat' dir='ltr'><strong>eo</strong></span> <span class='ocrx_word' id='word_1_48' title='bbox 1152 735 1347 772; x_wconf 86' lang='lat' dir='ltr'><strong>certum</strong></span> <span class='ocrx_word' id='word_1_49' title='bbox 1382 723 1451 772; x_wconf 87' lang='lat' dir='ltr'><strong>est</strong></span> <span class='ocrx_word' id='word_1_50' title='bbox 1483 725 1547 783; x_wconf 68' lang='lat'><strong>2²)</strong></span> 
     </span>
     <span class='ocr_line' id='line_1_10' title="bbox 481 788 1042 856; baseline 0 -18"><span class='ocrx_word' id='word_1_51' title='bbox 481 788 621 856; x_wconf 90' lang='lat' dir='ltr'><strong>quod</strong></span> <span class='ocrx_word' id='word_1_52' title='bbox 653 789 755 839; x_wconf 84' lang='lat' dir='ltr'>dixi</span> <span class='ocrx_word' id='word_1_53' title='bbox 781 792 845 849; x_wconf 80' lang='lat'><strong>²3)</strong></span> <span class='ocrx_word' id='word_1_54' title='bbox 880 788 1042 839; x_wconf 85' lang='lat' dir='ltr'><strong>fidem.</strong></span> 
     </span>
     <span class='ocr_line' id='line_1_11' title="bbox 119 853 1546 927; baseline 0.002 -21"><span class='ocrx_word' id='word_1_55' title='bbox 119 857 255 906; x_wconf 71' lang='lat' dir='ltr'><strong>Nam</strong></span> <span class='ocrx_word' id='word_1_56' title='bbox 290 853 353 904; x_wconf 92' lang='lat' dir='ltr'><strong>de</strong></span> <span class='ocrx_word' id='word_1_57' title='bbox 386 854 679 907; x_wconf 86' lang='lat' dir='ltr'><strong>reducenda</strong></span> <span class='ocrx_word' id='word_1_58' title='bbox 711 856 763 906; x_wconf 92' lang='lat' dir='ltr'><strong>id</strong></span> <span class='ocrx_word' id='word_1_59' title='bbox 791 875 911 907; x_wconf 85' lang='lat' dir='ltr'><strong>vero</strong></span> <span class='ocrx_word' id='word_1_60' title='bbox 948 859 1247 927; x_wconf 84' lang='lat' dir='ltr'>neutiquam</span> <span class='ocrx_word' id='word_1_61' title='bbox 1274 859 1338 917; x_wconf 75' lang='lat'><strong>²4)</strong></span> <span class='ocrx_word' id='word_1_62' title='bbox 1387 857 1546 909; x_wconf 88' lang='lat' dir='ltr'><strong>hone-</strong></span> 
     </span>
     <span class='ocr_line' id='line_1_12' title="bbox 477 924 985 984; baseline 0.002 -11"><span class='ocrx_word' id='word_1_63' title='bbox 477 925 604 974; x_wconf 85' lang='lat' dir='ltr'>stum</span> <span class='ocrx_word' id='word_1_64' title='bbox 631 926 724 975; x_wconf 83' lang='lat' dir='ltr'><strong>esse</strong></span> <span class='ocrx_word' id='word_1_65' title='bbox 752 924 985 984; x_wconf 83' lang='lat' dir='ltr'>arbitror,</span> 
     </span>
     <span class='ocr_line' id='line_1_13' title="bbox 124 990 1546 1060; baseline 0.001 -18"><span class='ocrx_word' id='word_1_66' title='bbox 124 993 236 1042; x_wconf 87' lang='lat' dir='ltr'><strong>Nec</strong></span> <span class='ocrx_word' id='word_1_67' title='bbox 254 990 461 1051; x_wconf 86' lang='lat' dir='ltr'>faciam,</span> <span class='ocrx_word' id='word_1_68' title='bbox 494 991 580 1042; x_wconf 86' lang='lat' dir='ltr'><strong>etfi</strong></span> <span class='ocrx_word' id='word_1_69' title='bbox 605 999 665 1053; x_wconf 78' lang='lat'><strong>²5)</strong></span> <span class='ocrx_word' id='word_1_70' title='bbox 701 1011 845 1043; x_wconf 86' lang='lat' dir='ltr'>amor</span> <span class='ocrx_word' id='word_1_71' title='bbox 863 1011 943 1043; x_wconf 88' lang='lat' dir='ltr'><strong>me</strong></span> <span class='ocrx_word' id='word_1_72' title='bbox 971 994 1191 1060; x_wconf 87' lang='lat' dir='ltr'><strong>graviter</strong></span> <span class='ocrx_word' id='word_1_73' title='bbox 1214 993 1546 1044; x_wconf 83' lang='lat' dir='ltr'><strong>consuetudo·</strong></span> 
     </span>
     <span class='ocr_line' id='line_1_14' title="bbox 479 1059 829 1128; baseline 0 -18"><span class='ocrx_word' id='word_1_74' title='bbox 479 1078 583 1128; x_wconf 89' lang='lat' dir='ltr'><strong>que</strong></span> <span class='ocrx_word' id='word_1_75' title='bbox 603 1059 648 1123; x_wconf 83' lang='grc'><strong>*)</strong></span> <span class='ocrx_word' id='word_1_76' title='bbox 680 1074 829 1110; x_wconf 84' lang='lat' dir='ltr'><strong>tenet.</strong></span> 
     </span>
     <span class='ocr_line' id='line_1_15' title="bbox 49 1125 1539 1196; baseline 0.003 -22"><span class='ocrx_word' id='word_1_77' title='bbox 49 1127 377 1188; x_wconf 73' lang='lat' dir='ltr'><strong>45Lacrimo,</strong></span> <span class='ocrx_word' id='word_1_78' title='bbox 410 1146 545 1196; x_wconf 85' lang='lat' dir='ltr'><strong>quae</strong></span> <span class='ocrx_word' id='word_1_79' title='bbox 575 1130 687 1196; x_wconf 83' lang='lat' dir='ltr'>post</span> <span class='ocrx_word' id='word_1_80' title='bbox 704 1128 801 1178; x_wconf 88' lang='lat' dir='ltr'><strong>hac</strong></span> <span class='ocrx_word' id='word_1_81' title='bbox 819 1125 882 1188; x_wconf 73' lang='grc'><strong>26)</strong></span> <span class='ocrx_word' id='word_1_82' title='bbox 915 1129 1089 1178; x_wconf 83' lang='lat' dir='ltr'>futura</span> <span class='ocrx_word' id='word_1_83' title='bbox 1111 1128 1180 1177; x_wconf 85' lang='lat' dir='ltr'><strong>est</strong></span> <span class='ocrx_word' id='word_1_84' title='bbox 1204 1129 1309 1179; x_wconf 83' lang='lat' dir='ltr'><strong>vita</strong></span> <span class='ocrx_word' id='word_1_85' title='bbox 1338 1147 1454 1179; x_wconf 88' lang='lat' dir='ltr'><strong>cum</strong></span> <span class='ocrx_word' id='word_1_86' title='bbox 1485 1131 1539 1178; x_wconf 89' lang='lat' dir='ltr'><strong>in</strong></span> 
     </span>
     <span class='ocr_line' id='line_1_16' title="bbox 478 1195 942 1256; baseline 0.002 -12"><span class='ocrx_word' id='word_1_87' title='bbox 478 1212 697 1246; x_wconf 77' lang='lat' dir='ltr'><strong>mentem</strong></span> <span class='ocrx_word' id='word_1_88' title='bbox 719 1197 859 1245; x_wconf 89' lang='lat' dir='ltr'><strong>venit</strong></span> <span class='ocrx_word' id='word_1_89' title='bbox 877 1195 942 1256; x_wconf 83' lang='lat'><strong>27)</strong></span> 
     </span>
     <span class='ocr_line' id='line_1_17' title="bbox 121 1259 1546 1329; baseline 0 -17"><span class='ocrx_word' id='word_1_90' title='bbox 121 1259 469 1329; x_wconf 83' lang='lat' dir='ltr'><strong>Solitudoque.</strong></span> <span class='ocrx_word' id='word_1_91' title='bbox 539 1266 583 1312; x_wconf 86' lang='lat' dir='ltr'>O</span> <span class='ocrx_word' id='word_1_92' title='bbox 616 1264 843 1322; x_wconf 85' lang='lat' dir='ltr'>fortuna,</span> <span class='ocrx_word' id='word_1_93' title='bbox 876 1278 937 1313; x_wconf 85' lang='lat' dir='ltr'><strong>ut</strong></span> <span class='ocrx_word' id='word_1_94' title='bbox 956 1268 1018 1323; x_wconf 74' lang='grc' dir='ltr'><strong>2ὃ)</strong></span> <span class='ocrx_word' id='word_1_95' title='bbox 1053 1280 1316 1328; x_wconf 85' lang='lat' dir='ltr'>nunquam</span> <span class='ocrx_word' id='word_1_96' title='bbox 1351 1280 1406 1312; x_wconf 86' lang='lat' dir='ltr'><strong>es</strong></span> <span class='ocrx_word' id='word_1_97' title='bbox 1437 1282 1546 1328; x_wconf 88' lang='lat' dir='ltr'><strong>per-</strong></span> 
     </span>
     <span class='ocr_line' id='line_1_18' title="bbox 477 1331 1303 1395; baseline 0.004 -16"><span class='ocrx_word' id='word_1_98' title='bbox 477 1344 636 1395; x_wconf 90' lang='lat' dir='ltr'><strong>petuo</strong></span> <span class='ocrx_word' id='word_1_99' title='bbox 662 1331 809 1379; x_wconf 83' lang='lat' dir='ltr'>bona.</span> <span class='ocrx_word' id='word_1_100' title='bbox 1295 1372 1303 1382; x_wconf 84' lang='grc'><strong><em>,</em></strong></span> 
     </span>
     <span class='ocr_line' id='line_1_19' title="bbox 120 1394 1544 1463; baseline 0.003 -19"><span class='ocrx_word' id='word_1_101' title='bbox 120 1394 222 1444; x_wconf 88' lang='lat' dir='ltr'><strong>Sed</strong></span> <span class='ocrx_word' id='word_1_102' title='bbox 246 1395 347 1444; x_wconf 86' lang='lat' dir='ltr'><strong>iam</strong></span> <span class='ocrx_word' id='word_1_103' title='bbox 370 1396 510 1463; x_wconf 87' lang='lat' dir='ltr'>prior</span> <span class='ocrx_word' id='word_1_104' title='bbox 540 1415 681 1446; x_wconf 80' lang='lat' dir='ltr'>amor</span> <span class='ocrx_word' id='word_1_105' title='bbox 697 1404 759 1454; x_wconf 81' lang='lat'><strong>²9)</strong></span> <span class='ocrx_word' id='word_1_106' title='bbox 805 1414 883 1446; x_wconf 88' lang='lat' dir='ltr'><strong>me</strong></span> <span class='ocrx_word' id='word_1_107' title='bbox 916 1396 981 1446; x_wconf 84' lang='lat' dir='ltr'><strong>ad</strong></span> <span class='ocrx_word' id='word_1_108' title='bbox 1007 1395 1141 1445; x_wconf 83' lang='lat' dir='ltr'>hanc</span> <span class='ocrx_word' id='word_1_109' title='bbox 1169 1414 1276 1445; x_wconf 88' lang='lat' dir='ltr'><strong>rem</strong></span> <span class='ocrx_word' id='word_1_110' title='bbox 1306 1399 1544 1448; x_wconf 84' lang='lat' dir='ltr'><strong>exercita-</strong></span> 
     </span>
     <span class='ocr_line' id='line_1_20' title="bbox 479 1464 840 1514; baseline 0.003 -2"><span class='ocrx_word' id='word_1_111' title='bbox 479 1477 587 1513; x_wconf 87' lang='lat' dir='ltr'><strong>tum</strong></span> <span class='ocrx_word' id='word_1_112' title='bbox 610 1464 840 1514; x_wconf 88' lang='lat' dir='ltr'><strong>reddidit.</strong></span> 
     </span>
     <span class='ocr_line' id='line_1_21' title="bbox 123 1531 1543 1599; baseline 0 -17"><span class='ocrx_word' id='word_1_113' title='bbox 123 1534 286 1599; x_wconf 79' lang='lat' dir='ltr'><strong>Quem</strong></span> <span class='ocrx_word' id='word_1_114' title='bbox 297 1532 362 1590; x_wconf 80' lang='lat'><strong>3⁰)</strong></span> <span class='ocrx_word' id='word_1_115' title='bbox 382 1549 475 1598; x_wconf 88' lang='lat' dir='ltr'><strong>ego</strong></span> <span class='ocrx_word' id='word_1_116' title='bbox 497 1545 605 1580; x_wconf 91' lang='lat' dir='ltr'><strong>tum</strong></span> <span class='ocrx_word' id='word_1_117' title='bbox 619 1531 822 1582; x_wconf 84' lang='lat' dir='ltr'>confilio</span> <span class='ocrx_word' id='word_1_118' title='bbox 834 1536 895 1592; x_wconf 83' lang='lat'><strong>3¹)</strong></span> <span class='ocrx_word' id='word_1_119' title='bbox 914 1531 1107 1580; x_wconf 83' lang='lat' dir='ltr'>missum</span> <span class='ocrx_word' id='word_1_120' title='bbox 1129 1531 1237 1589; x_wconf 81' lang='lat' dir='ltr'><strong>feci,</strong></span> <span class='ocrx_word' id='word_1_121' title='bbox 1250 1535 1312 1593; x_wconf 82' lang='lat'><strong>3²)</strong></span> <span class='ocrx_word' id='word_1_122' title='bbox 1331 1531 1467 1582; x_wconf 89' lang='lat' dir='ltr'><strong>idem</strong></span> <span class='ocrx_word' id='word_1_123' title='bbox 1482 1538 1543 1596; x_wconf 80' lang='lat'><strong>33)</strong></span> 
     </span>
     <span class='ocr_line' id='line_1_22' title="bbox 476 1598 1253 1666; baseline 0 -19"><span class='ocrx_word' id='word_1_124' title='bbox 476 1617 614 1649; x_wconf 79' lang='lat' dir='ltr'>nunc.</span> <span class='ocrx_word' id='word_1_125' title='bbox 634 1599 755 1652; x_wconf 87' lang='lat' dir='ltr'><strong>huic</strong></span> <span class='ocrx_word' id='word_1_126' title='bbox 774 1603 837 1663; x_wconf 65' lang='grc' dir='ltr'><strong>Ξ54)</strong></span> <span class='ocrx_word' id='word_1_127' title='bbox 875 1617 1083 1666; x_wconf 84' lang='lat' dir='ltr'>operam</span> <span class='ocrx_word' id='word_1_128' title='bbox 1103 1598 1253 1648; x_wconf 84' lang='lat' dir='ltr'><strong>dabo.</strong></span> 
     </span>
    </p>
   </div>
   <div class='ocr_carea' id='block_1_3' title="bbox 186 1713 1547 1990">
    <p class='ocr_par' dir='ltr' id='par_1_3' title="bbox 186 1713 1547 1990">
     <span class='ocr_line' id='line_1_23' title="bbox 186 1713 1547 1762; baseline 0.004 -15"><span class='ocrx_word' id='word_1_129' title='bbox 186 1713 249 1760; x_wconf 80' lang='grc'><strong>18)</strong></span> <span class='ocrx_word' id='word_1_130' title='bbox 273 1725 295 1748; x_wconf 75' lang='grc' dir='ltr'>ι</span> <span class='ocrx_word' id='word_1_131' title='bbox 315 1726 375 1748; x_wconf 86' lang='lat' dir='ltr'><strong>me</strong></span> <span class='ocrx_word' id='word_1_132' title='bbox 393 1713 441 1747; x_wconf 79' lang='lat' dir='ltr'><strong>ad</strong></span> <span class='ocrx_word' id='word_1_133' title='bbox 460 1714 697 1750; x_wconf 80' lang='lat' dir='ltr'><strong>nutriendum</strong></span> <span class='ocrx_word' id='word_1_134' title='bbox 748 1716 811 1762; x_wconf 86' lang='grc'><strong>19)</strong></span> <span class='ocrx_word' id='word_1_135' title='bbox 836 1714 1076 1750; x_wconf 77' lang='lat' dir='ltr'>Philumenae</span> <span class='ocrx_word' id='word_1_136' title='bbox 1122 1717 1182 1754; x_wconf 93' lang='grc' dir='ltr'><strong>2ο)</strong></span> <span class='ocrx_word' id='word_1_137' title='bbox 1204 1715 1404 1762; x_wconf 76' lang='lat' dir='ltr'><strong>cooperies.</strong></span> <span class='ocrx_word' id='word_1_138' title='bbox 1415 1717 1547 1753; x_wconf 84' lang='lat' dir='ltr'><strong>Hacte-</strong></span> 
     </span>
     <span class='ocr_line' id='line_1_24' title="bbox 224 1769 1547 1817; baseline -0.001 -11"><span class='ocrx_word' id='word_1_139' title='bbox 224 1783 295 1806; x_wconf 68' lang='lat' dir='ltr'><strong>nus</strong></span> <span class='ocrx_word' id='word_1_140' title='bbox 313 1769 422 1806; x_wconf 73' lang='lat' dir='ltr'><strong>verba</strong></span> <span class='ocrx_word' id='word_1_141' title='bbox 437 1772 563 1809; x_wconf 70' lang='lat' dir='ltr'>mattis</span> <span class='ocrx_word' id='word_1_142' title='bbox 610 1776 671 1813; x_wconf 84' lang='grc'><strong>21)</strong></span> <span class='ocrx_word' id='word_1_143' title='bbox 694 1774 802 1808; x_wconf 78' lang='lat' dir='ltr'>matri</span> <span class='ocrx_word' id='word_1_144' title='bbox 821 1772 873 1807; x_wconf 75' lang='lat' dir='ltr'><strong>ita</strong></span> <span class='ocrx_word' id='word_1_145' title='bbox 919 1772 985 1817; x_wconf 89' lang='grc'><strong>22)</strong></span> <span class='ocrx_word' id='word_1_146' title='bbox 1003 1770 1195 1806; x_wconf 77' lang='lat' dir='ltr'><strong>definitum</strong></span> <span class='ocrx_word' id='word_1_147' title='bbox 1218 1771 1268 1807; x_wconf 86' lang='lat' dir='ltr'><strong>est</strong></span> <span class='ocrx_word' id='word_1_148' title='bbox 1286 1784 1305 1805; x_wconf 76' lang='lat' dir='ltr'><strong>a</strong></span> <span class='ocrx_word' id='word_1_149' title='bbox 1324 1785 1383 1807; x_wconf 78' lang='lat' dir='ltr'><strong>me</strong></span> <span class='ocrx_word' id='word_1_150' title='bbox 1417 1779 1477 1817; x_wconf 80' lang='lat'><strong>23)</strong></span> <span class='ocrx_word' id='word_1_151' title='bbox 1498 1775 1547 1808; x_wconf 84' lang='lat' dir='ltr'><strong>vi.</strong></span> 
     </span>
     <span class='ocr_line' id='line_1_25' title="bbox 226 1827 1545 1877; baseline 0.004 -15"><span class='ocrx_word' id='word_1_152' title='bbox 226 1837 306 1862; x_wconf 69' lang='lat' dir='ltr'>ctus</span> <span class='ocrx_word' id='word_1_153' title='bbox 333 1827 500 1875; x_wconf 68' lang='lat' dir='ltr'><strong>precibu·</strong></span> <span class='ocrx_word' id='word_1_154' title='bbox 567 1830 632 1875; x_wconf 80' lang='grc'><strong>24)</strong></span> <span class='ocrx_word' id='word_1_155' title='bbox 659 1841 893 1877; x_wconf 76' lang='lat' dir='ltr'><strong>nequaquam</strong></span> <span class='ocrx_word' id='word_1_156' title='bbox 945 1831 1005 1871; x_wconf 79' lang='lat'><strong>25)</strong></span> <span class='ocrx_word' id='word_1_157' title='bbox 1029 1827 1117 1862; x_wconf 85' lang='lat' dir='ltr'><strong>licet</strong></span> <span class='ocrx_word' id='word_1_158' title='bbox 1172 1827 1211 1873; x_wconf 74' lang='grc'><strong>*)</strong></span> <span class='ocrx_word' id='word_1_159' title='bbox 1238 1830 1329 1864; x_wconf 77' lang='lat' dir='ltr'><strong>edic.</strong></span> <span class='ocrx_word' id='word_1_160' title='bbox 1357 1843 1394 1866; x_wconf 81' lang='lat' dir='ltr'><strong>et</strong></span> <span class='ocrx_word' id='word_1_161' title='bbox 1422 1833 1545 1867; x_wconf 73' lang='lat' dir='ltr'><strong>Bentl-</strong></span> 
     </span>
     <span class='ocr_line' id='line_1_26' title="bbox 225 1884 1545 1935; baseline 0.002 -15"><span class='ocrx_word' id='word_1_162' title='bbox 225 1885 318 1920; x_wconf 72' lang='lat' dir='ltr'><strong>aad.</strong></span> <span class='ocrx_word' id='word_1_163' title='bbox 350 1884 428 1919; x_wconf 78' lang='lat' dir='ltr'><strong>eius</strong></span> <span class='ocrx_word' id='word_1_164' title='bbox 493 1886 553 1927; x_wconf 84' lang='lat'><strong>26)</strong></span> <span class='ocrx_word' id='word_1_165' title='bbox 584 1886 758 1935; x_wconf 72' lang='lat' dir='ltr'><strong>deinceps</strong></span> <span class='ocrx_word' id='word_1_166' title='bbox 827 1889 887 1931; x_wconf 78' lang='lat'><strong>27)</strong></span> <span class='ocrx_word' id='word_1_167' title='bbox 927 1884 1034 1919; x_wconf 83' lang='lat' dir='ltr'>mihi.</span> <span class='ocrx_word' id='word_1_168' title='bbox 1067 1884 1248 1919; x_wconf 72' lang='lat' dir='ltr'><strong>Conditio</strong></span> <span class='ocrx_word' id='word_1_169' title='bbox 1280 1885 1423 1921; x_wconf 84' lang='lat' dir='ltr'><strong>futurae</strong></span> <span class='ocrx_word' id='word_1_170' title='bbox 1451 1888 1545 1922; x_wconf 85' lang='lat' dir='ltr'><strong>vitae</strong></span> 
     </span>
     <span class='ocr_line' id='line_1_27' title="bbox 229 1941 1547 1990; baseline 0.003 -15"><span class='ocrx_word' id='word_1_171' title='bbox 229 1945 290 1983; x_wconf 78' lang='grc'><strong>23)</strong></span> <span class='ocrx_word' id='word_1_172' title='bbox 308 1941 622 1989; x_wconf 80' lang='lat' dir='ltr'><strong>quemadmodum</strong></span> <span class='ocrx_word' id='word_1_173' title='bbox 669 1948 729 1990; x_wconf 84' lang='lat'><strong>29)</strong></span> <span class='ocrx_word' id='word_1_174' title='bbox 755 1956 863 1990; x_wconf 88' lang='lat' dir='ltr'><strong>quem</strong></span> <span class='ocrx_word' id='word_1_175' title='bbox 891 1941 1006 1977; x_wconf 74' lang='lat' dir='ltr'>habui</span> <span class='ocrx_word' id='word_1_176' title='bbox 1044 1941 1084 1975; x_wconf 87' lang='lat' dir='ltr'><strong>in</strong></span> <span class='ocrx_word' id='word_1_177' title='bbox 1108 1941 1309 1976; x_wconf 81' lang='lat' dir='ltr'><strong>Bachidem</strong></span> <span class='ocrx_word' id='word_1_178' title='bbox 1357 1944 1422 1989; x_wconf 83' lang='lat'><strong>30)</strong></span> <span class='ocrx_word' id='word_1_179' title='bbox 1450 1957 1547 1979; x_wconf 84' lang='lat' dir='ltr'>amo—</span> 
     </span>
    </p>
   </div>
   <div class='ocr_carea' id='block_1_4' title="bbox 226 1997 1520 2047">
    <p class='ocr_par' dir='ltr' id='par_1_4' title="bbox 226 1997 1520 2047">
     <span class='ocr_line' id='line_1_28' title="bbox 226 1997 1520 2047; baseline 0.003 -15"><span class='ocrx_word' id='word_1_180' title='bbox 226 2010 305 2033; x_wconf 77' lang='lat' dir='ltr'><strong>rem</strong></span> <span class='ocrx_word' id='word_1_181' title='bbox 350 2001 411 2042; x_wconf 79' lang='lat'><strong>31)</strong></span> <span class='ocrx_word' id='word_1_182' title='bbox 435 1999 547 2046; x_wconf 71' lang='lat' dir='ltr'>patris</span> <span class='ocrx_word' id='word_1_183' title='bbox 565 1999 640 2034; x_wconf 83' lang='lat' dir='ltr'><strong>mei</strong></span> <span class='ocrx_word' id='word_1_184' title='bbox 686 2004 747 2043; x_wconf 79' lang='lat'><strong>32)</strong></span> <span class='ocrx_word' id='word_1_185' title='bbox 772 1999 893 2035; x_wconf 86' lang='lat' dir='ltr'><strong>dimifi</strong></span> <span class='ocrx_word' id='word_1_186' title='bbox 939 1999 1005 2043; x_wconf 78' lang='lat'><strong>33)</strong></span> <span class='ocrx_word' id='word_1_187' title='bbox 1023 2011 1090 2045; x_wconf 86' lang='lat' dir='ltr'><strong>ego</strong></span> <span class='ocrx_word' id='word_1_188' title='bbox 1137 1999 1202 2043; x_wconf 75' lang='lat'><strong>34)</strong></span> <span class='ocrx_word' id='word_1_189' title='bbox 1220 1997 1520 2047; x_wconf 80' lang='lat' dir='ltr'><strong>Bachidi-stupri.</strong></span> 
     </span>
    </p>
   </div>
   <div class='ocr_carea' id='block_1_5' title="bbox 737 2089 918 2098">
    <p class='ocr_par' dir='ltr' id='par_1_5' title="bbox 737 2089 918 2098">
     <span class='ocr_line' id='line_1_29' title="bbox 737 2089 918 2098; baseline 0 0"><span class='ocrx_word' id='word_1_190' title='bbox 737 2089 918 2098; x_wconf 95' lang='lat' dir='ltr'><strong> </strong></span> 
     </span>
    </p>
   </div>
   <div class='ocr_carea' id='block_1_6' title="bbox 52 2140 800 2461">
    <p class='ocr_par' dir='ltr' id='par_1_6' title="bbox 52 2140 796 2293">
     <span class='ocr_line' id='line_1_30' title="bbox 52 2140 796 2188; baseline 0.012 -15"><span class='ocrx_word' id='word_1_191' title='bbox 52 2165 59 2173; x_wconf 92' lang='lat'><strong>.</strong></span> <span class='ocrx_word' id='word_1_192' title='bbox 124 2140 269 2179; x_wconf 72' lang='lat' dir='ltr'>Snllust.</span> <span class='ocrx_word' id='word_1_193' title='bbox 301 2141 342 2177; x_wconf 83' lang='lat' dir='ltr'><strong>in</strong></span> <span class='ocrx_word' id='word_1_194' title='bbox 363 2144 441 2188; x_wconf 82' lang='lat' dir='ltr'><strong>lug.</strong></span> <span class='ocrx_word' id='word_1_195' title='bbox 473 2156 504 2179; x_wconf 86' lang='lat' dir='ltr'><strong>c.</strong></span> <span class='ocrx_word' id='word_1_196' title='bbox 541 2157 621 2183; x_wconf 83' lang='lat' dir='ltr'><strong>no.</strong></span> <span class='ocrx_word' id='word_1_197' title='bbox 649 2157 691 2182; x_wconf 77' lang='lat' dir='ltr'><strong>ut</strong></span> <span class='ocrx_word' id='word_1_198' title='bbox 724 2160 796 2182; x_wconf 72' lang='lat' dir='ltr'><strong>rea:</strong></span> 
     </span>
     <span class='ocr_line' id='line_1_31' title="bbox 124 2199 795 2250; baseline 0.006 -14"><span class='ocrx_word' id='word_1_199' title='bbox 124 2203 280 2246; x_wconf 73' lang='lat' dir='ltr'><strong><em>privato</em></strong></span> <span class='ocrx_word' id='word_1_200' title='bbox 320 2199 463 2237; x_wconf 72' lang='lat' dir='ltr'><em>homini</em></span> <span class='ocrx_word' id='word_1_201' title='bbox 493 2205 663 2250; x_wconf 74' lang='lat' dir='ltr'><em>gratiam</em></span> <span class='ocrx_word' id='word_1_202' title='bbox 690 2204 795 2240; x_wconf 83' lang='lat' dir='ltr'><strong>debe-</strong></span> 
     </span>
     <span class='ocr_line' id='line_1_32' title="bbox 127 2270 272 2293; baseline -0.007 0"><span class='ocrx_word' id='word_1_203' title='bbox 127 2270 215 2293; x_wconf 77' lang='lat' dir='ltr'><strong>rem.</strong></span> <span class='ocrx_word' id='word_1_204' title='bbox 265 2277 272 2282; x_wconf 88' lang='lat'><strong>·</strong></span> 
     </span>
    </p>

    <p class='ocr_par' dir='ltr' id='par_1_7' title="bbox 130 2314 800 2461">
     <span class='ocr_line' id='line_1_33' title="bbox 175 2314 797 2358; baseline 0.005 -11"><span class='ocrx_word' id='word_1_205' title='bbox 175 2321 231 2356; x_wconf 77' lang='lat'><strong>39.</strong></span> <span class='ocrx_word' id='word_1_206' title='bbox 255 2325 356 2348; x_wconf 78' lang='lat' dir='ltr'><strong>recte</strong></span> <span class='ocrx_word' id='word_1_207' title='bbox 381 2314 520 2358; x_wconf 73' lang='lat' dir='ltr'><em>natus]</em></span> <span class='ocrx_word' id='word_1_208' title='bbox 568 2326 666 2350; x_wconf 79' lang='lat' dir='ltr'><strong>reete</strong></span> <span class='ocrx_word' id='word_1_209' title='bbox 685 2327 797 2351; x_wconf 77' lang='lat' dir='ltr'><em>natus</em></span> 
     </span>
     <span class='ocr_line' id='line_1_34' title="bbox 131 2367 800 2416; baseline 0.003 -14"><span class='ocrx_word' id='word_1_210' title='bbox 131 2367 284 2407; x_wconf 82' lang='lat' dir='ltr'><strong>dicitur,</strong></span> <span class='ocrx_word' id='word_1_211' title='bbox 324 2370 387 2415; x_wconf 79' lang='lat' dir='ltr'><strong>qui</strong></span> <span class='ocrx_word' id='word_1_212' title='bbox 417 2383 461 2404; x_wconf 85' lang='lat' dir='ltr'><strong>ex</strong></span> <span class='ocrx_word' id='word_1_213' title='bbox 486 2370 651 2416; x_wconf 80' lang='lat' dir='ltr'><strong>legitimo</strong></span> <span class='ocrx_word' id='word_1_214' title='bbox 678 2371 800 2406; x_wconf 82' lang='lat' dir='ltr'>matri-</span> 
     </span>
     <span class='ocr_line' id='line_1_35' title="bbox 130 2423 466 2461; baseline 0.006 -2"><span class='ocrx_word' id='word_1_215' title='bbox 130 2423 271 2459; x_wconf 83' lang='lat' dir='ltr'><strong>monio·</strong></span> <span class='ocrx_word' id='word_1_216' title='bbox 282 2434 388 2459; x_wconf 72' lang='lat' dir='ltr'>natus</span> <span class='ocrx_word' id='word_1_217' title='bbox 406 2425 466 2461; x_wconf 85' lang='lat' dir='ltr'><strong>est.</strong></span> 
     </span>
    </p>
   </div>
   <div class='ocr_carea' id='block_1_7' title="bbox 873 2143 1545 2191">
    <p class='ocr_par' dir='ltr' id='par_1_8' title="bbox 873 2143 1545 2191">
     <span class='ocr_line' id='line_1_36' title="bbox 873 2143 1545 2191; baseline 0.001 -10"><span class='ocrx_word' id='word_1_218' title='bbox 873 2146 1063 2182; x_wconf 75' lang='lat' dir='ltr'>Mutatum</span> <span class='ocrx_word' id='word_1_219' title='bbox 1080 2143 1277 2178; x_wconf 79' lang='lat' dir='ltr'><strong>lectionem</strong></span> <span class='ocrx_word' id='word_1_220' title='bbox 1289 2143 1352 2191; x_wconf 84' lang='lat' dir='ltr'><strong>qui</strong></span> <span class='ocrx_word' id='word_1_221' title='bbox 1371 2157 1445 2180; x_wconf 84' lang='lat' dir='ltr'><strong>non</strong></span> <span class='ocrx_word' id='word_1_222' title='bbox 1459 2159 1545 2182; x_wconf 82' lang='lat' dir='ltr'>cou-</span> 
     </span>
    </p>
   </div>
   <div class='ocr_carea' id='block_1_8' title="bbox 873 2200 1545 2304">
    <p class='ocr_par' dir='ltr' id='par_1_9' title="bbox 873 2200 1545 2304">
     <span class='ocr_line' id='line_1_37' title="bbox 877 2200 1545 2249; baseline 0.003 -12"><span class='ocrx_word' id='word_1_223' title='bbox 877 2210 1078 2249; x_wconf 79' lang='lat' dir='ltr'><strong>coquerent</strong></span> <span class='ocrx_word' id='word_1_224' title='bbox 1124 2202 1330 2245; x_wconf 78' lang='lat' dir='ltr'><strong>fortunam</strong></span> <span class='ocrx_word' id='word_1_225' title='bbox 1382 2200 1545 2239; x_wconf 57' lang='lat' dir='ltr'><strong>absolute</strong></span> 
     </span>
     <span class='ocr_line' id='line_1_38' title="bbox 873 2255 1542 2304; baseline 0.003 -12"><span class='ocrx_word' id='word_1_226' title='bbox 873 2271 940 2304; x_wconf 84' lang='lat' dir='ltr'><strong>pro</strong></span> <span class='ocrx_word' id='word_1_227' title='bbox 959 2256 1058 2290; x_wconf 80' lang='lat' dir='ltr'><strong>bona</strong></span> <span class='ocrx_word' id='word_1_228' title='bbox 1076 2255 1234 2291; x_wconf 80' lang='lat' dir='ltr'>fortuna.</span> <span class='ocrx_word' id='word_1_229' title='bbox 1278 2257 1350 2292; x_wconf 90' lang='lat' dir='ltr'><strong>Sed</strong></span> <span class='ocrx_word' id='word_1_230' title='bbox 1367 2257 1416 2299; x_wconf 77' lang='lat' dir='ltr'><strong>sse</strong></span> <span class='ocrx_word' id='word_1_231' title='bbox 1435 2259 1485 2294; x_wconf 84' lang='lat' dir='ltr'><strong>est</strong></span> <span class='ocrx_word' id='word_1_232' title='bbox 1504 2260 1542 2294; x_wconf 78' lang='lat' dir='ltr'><strong>in</strong></span> 
     </span>
    </p>
   </div>
   <div class='ocr_carea' id='block_1_9' title="bbox 873 2313 1543 2419">
    <p class='ocr_par' dir='ltr' id='par_1_10' title="bbox 873 2313 1543 2419">
     <span class='ocr_line' id='line_1_39' title="bbox 874 2313 1543 2356; baseline 0.003 -7"><span class='ocrx_word' id='word_1_233' title='bbox 874 2314 1021 2349; x_wconf 79' lang='lat' dir='ltr'>Phorm.</span> <span class='ocrx_word' id='word_1_234' title='bbox 1038 2313 1085 2346; x_wconf 86' lang='lat' dir='ltr'><strong>V.</strong></span> <span class='ocrx_word' id='word_1_235' title='bbox 1112 2313 1145 2348; x_wconf 85' lang='grc'><strong>6.</strong></span> <span class='ocrx_word' id='word_1_236' title='bbox 1163 2318 1221 2356; x_wconf 69' lang='grc'><strong>44.</strong></span> <span class='ocrx_word' id='word_1_237' title='bbox 1268 2314 1431 2350; x_wconf 78' lang='lat' dir='ltr'><strong>Terentii</strong></span> <span class='ocrx_word' id='word_1_238' title='bbox 1459 2316 1543 2351; x_wconf 89' lang='lat' dir='ltr'><strong>loco</strong></span> 
     </span>
     <span class='ocr_line' id='line_1_40' title="bbox 873 2367 1543 2419; baseline 0.003 -14"><span class='ocrx_word' id='word_1_239' title='bbox 873 2368 999 2405; x_wconf 75' lang='lat' dir='ltr'>fimilis</span> <span class='ocrx_word' id='word_1_240' title='bbox 1035 2367 1097 2402; x_wconf 81' lang='lat' dir='ltr'><strong>ille</strong></span> <span class='ocrx_word' id='word_1_241' title='bbox 1131 2367 1247 2403; x_wconf 63' lang='lat' dir='ltr'>Ruzil.</span> <span class='ocrx_word' id='word_1_242' title='bbox 1274 2370 1369 2417; x_wconf 82' lang='lat' dir='ltr'>Lupi</span> <span class='ocrx_word' id='word_1_243' title='bbox 1403 2373 1449 2406; x_wconf 87' lang='lat'><strong>11.</strong></span> <span class='ocrx_word' id='word_1_244' title='bbox 1486 2381 1543 2419; x_wconf 76' lang='lat'><strong>75.</strong></span> 
     </span>
    </p>
   </div>
   <div class='ocr_carea' id='block_1_10' title="bbox 877 2426 1546 2471">
    <p class='ocr_par' dir='ltr' id='par_1_11' title="bbox 877 2426 1546 2471">
     <span class='ocr_line' id='line_1_41' title="bbox 877 2426 1546 2471; baseline 0.01 -11"><span class='ocrx_word' id='word_1_245' title='bbox 877 2440 898 2462; x_wconf 90' lang='grc' dir='ltr'><strong>ο</strong></span> <span class='ocrx_word' id='word_1_246' title='bbox 920 2427 1087 2471; x_wconf 81' lang='lat' dir='ltr'><em>fortuna</em></span> <span class='ocrx_word' id='word_1_247' title='bbox 1116 2438 1225 2469; x_wconf 80' lang='lat' dir='ltr'><strong><em>quam</em></strong></span> <span class='ocrx_word' id='word_1_248' title='bbox 1249 2426 1481 2466; x_wconf 65' lang='lat' dir='ltr'><strong>vehementer·</strong></span> <span class='ocrx_word' id='word_1_249' title='bbox 1509 2443 1546 2466; x_wconf 82' lang='lat' dir='ltr'><strong>ce</strong></span> 
     </span>
    </p>
   </div>
   <div class='ocr_carea' id='block_1_11' title="bbox 124 2480 803 2808">
    <p class='ocr_par' dir='ltr' id='par_1_12' title="bbox 124 2480 803 2808">
     <span class='ocr_line' id='line_1_42' title="bbox 135 2480 800 2528; baseline 0.005 -13"><span class='ocrx_word' id='word_1_250' title='bbox 135 2520 138 2523; x_wconf 37' lang='lat'>‚</span> <span class='ocrx_word' id='word_1_251' title='bbox 177 2481 235 2524; x_wconf 81' lang='lat'><strong>46.</strong></span> <span class='ocrx_word' id='word_1_252' title='bbox 267 2481 299 2515; x_wconf 93' lang='grc' dir='ltr'>Ο</span> <span class='ocrx_word' id='word_1_253' title='bbox 307 2480 539 2523; x_wconf 55' lang='lat' dir='ltr'><em>fortuna&#39;ut</em></span> <span class='ocrx_word' id='word_1_254' title='bbox 557 2496 745 2528; x_wconf 81' lang='lat' dir='ltr'><strong><em>nunquam</em></strong></span> <span class='ocrx_word' id='word_1_255' title='bbox 760 2496 800 2519; x_wconf 82' lang='lat' dir='ltr'><strong>es</strong></span> 
     </span>
     <span class='ocr_line' id='line_1_43' title="bbox 132 2537 801 2582; baseline 0.001 -11"><span class='ocrx_word' id='word_1_256' title='bbox 132 2548 307 2582; x_wconf 72' lang='lat' dir='ltr'><strong>perpetuo</strong></span> <span class='ocrx_word' id='word_1_257' title='bbox 334 2537 452 2581; x_wconf 78' lang='lat' dir='ltr'><strong><em>bona]</em></strong></span> <span class='ocrx_word' id='word_1_258' title='bbox 499 2537 654 2574; x_wconf 83' lang='lat' dir='ltr'><strong>Bentlei.</strong></span> <span class='ocrx_word' id='word_1_259' title='bbox 675 2538 801 2572; x_wconf 76' lang='lat' dir='ltr'><strong>Dona-</strong></span> 
     </span>
     <span class='ocr_line' id='line_1_44' title="bbox 132 2591 800 2639; baseline 0.003 -11"><span class='ocrx_word' id='word_1_260' title='bbox 132 2603 174 2629; x_wconf 78' lang='lat' dir='ltr'><strong>to</strong></span> <span class='ocrx_word' id='word_1_261' title='bbox 192 2591 283 2626; x_wconf 83' lang='lat' dir='ltr'><strong>duce</strong></span> <span class='ocrx_word' id='word_1_262' title='bbox 312 2592 360 2627; x_wconf 86' lang='lat' dir='ltr'><strong>fic</strong></span> <span class='ocrx_word' id='word_1_263' title='bbox 380 2593 485 2639; x_wconf 80' lang='lat' dir='ltr'><strong>legit:</strong></span> <span class='ocrx_word' id='word_1_264' title='bbox 537 2596 741 2638; x_wconf 81' lang='lat' dir='ltr'><em>Oforcuna</em></span> <span class='ocrx_word' id='word_1_265' title='bbox 759 2606 800 2630; x_wconf 77' lang='lat' dir='ltr'><strong>nt</strong></span> 
     </span>
     <span class='ocr_line' id='line_1_45' title="bbox 133 2649 800 2697; baseline -0.004 -11"><span class='ocrx_word' id='word_1_266' title='bbox 133 2661 321 2697; x_wconf 78' lang='lat' dir='ltr'>nunquam</span> <span class='ocrx_word' id='word_1_267' title='bbox 329 2651 507 2693; x_wconf 71' lang='lat' dir='ltr'><strong>fiet-petua</strong></span> <span class='ocrx_word' id='word_1_268' title='bbox 515 2664 554 2686; x_wconf 81' lang='lat' dir='ltr'><strong>es</strong></span> <span class='ocrx_word' id='word_1_269' title='bbox 567 2652 672 2685; x_wconf 78' lang='lat' dir='ltr'><strong>daea.</strong></span> <span class='ocrx_word' id='word_1_270' title='bbox 684 2649 800 2685; x_wconf 72' lang='lat' dir='ltr'><strong>Plaut-</strong></span> 
     </span>
     <span class='ocr_line' id='line_1_46' title="bbox 135 2703 803 2751; baseline 0.001 -12"><span class='ocrx_word' id='word_1_271' title='bbox 135 2705 177 2739; x_wconf 81' lang='lat' dir='ltr'><strong>in</strong></span> <span class='ocrx_word' id='word_1_272' title='bbox 187 2703 326 2740; x_wconf 83' lang='lat' dir='ltr'><strong>Cistell.</strong></span> <span class='ocrx_word' id='word_1_273' title='bbox 346 2705 374 2740; x_wconf 82' lang='grc' dir='ltr'><strong>Ι.</strong></span> <span class='ocrx_word' id='word_1_274' title='bbox 393 2713 425 2746; x_wconf 82' lang='lat'><strong>3.</strong></span> <span class='ocrx_word' id='word_1_275' title='bbox 446 2706 503 2748; x_wconf 78' lang='lat'><strong>46.</strong></span> <span class='ocrx_word' id='word_1_276' title='bbox 523 2717 564 2741; x_wconf 75' lang='lat' dir='ltr'><strong>ut</strong></span> <span class='ocrx_word' id='word_1_277' title='bbox 573 2709 665 2751; x_wconf 76' lang='lat' dir='ltr'><strong>sune</strong></span> <span class='ocrx_word' id='word_1_278' title='bbox 678 2705 803 2741; x_wconf 73' lang='lat' dir='ltr'><em>buma-</em></span> 
     </span>
     <span class='ocr_line' id='line_1_47' title="bbox 124 2759 801 2808; baseline 0 -12"><span class='ocrx_word' id='word_1_279' title='bbox 124 2774 207 2808; x_wconf 64' lang='grc' dir='ltr'><strong>μα,</strong></span> <span class='ocrx_word' id='word_1_280' title='bbox 236 2759 334 2798; x_wconf 79' lang='lat' dir='ltr'><em>nihil</em></span> <span class='ocrx_word' id='word_1_281' title='bbox 351 2762 402 2806; x_wconf 82' lang='lat' dir='ltr'><strong>est</strong></span> <span class='ocrx_word' id='word_1_282' title='bbox 420 2773 634 2805; x_wconf 72' lang='lat' dir='ltr'><strong>perpetuum</strong></span> <span class='ocrx_word' id='word_1_283' title='bbox 660 2761 801 2797; x_wconf 71' lang='lat' dir='ltr'><strong>dacum.</strong></span> 
     </span>
    </p>
   </div>
   <div class='ocr_carea' id='block_1_12' title="bbox 874 2482 1546 2812">
    <p class='ocr_par' dir='ltr' id='par_1_13' title="bbox 874 2482 1378 2520">
     <span class='ocr_line' id='line_1_48' title="bbox 874 2482 1378 2520; baseline 0.008 -4"><span class='ocrx_word' id='word_1_284' title='bbox 874 2495 998 2520; x_wconf 80' lang='lat' dir='ltr'><strong>rerum</strong></span> <span class='ocrx_word' id='word_1_285' title='bbox 1016 2482 1186 2517; x_wconf 72' lang='lat' dir='ltr'><strong>varietas</strong></span> <span class='ocrx_word' id='word_1_286' title='bbox 1204 2483 1378 2520; x_wconf 73' lang='lat' dir='ltr'><em>oblectat.</em></span> 
     </span>
    </p>

    <p class='ocr_par' dir='ltr' id='par_1_14' title="bbox 875 2537 1546 2812">
     <span class='ocr_line' id='line_1_49' title="bbox 920 2537 1542 2582; baseline 0.014 -13"><span class='ocrx_word' id='word_1_287' title='bbox 920 2544 978 2581; x_wconf 81' lang='grc'><strong>48.</strong></span> <span class='ocrx_word' id='word_1_288' title='bbox 1008 2537 1190 2582; x_wconf 78' lang='lat' dir='ltr'><em>consilio]</em></span> <span class='ocrx_word' id='word_1_289' title='bbox 1262 2538 1287 2575; x_wconf 84' lang='lat' dir='ltr'><strong>i.</strong></span> <span class='ocrx_word' id='word_1_290' title='bbox 1324 2552 1356 2574; x_wconf 87' lang='lat' dir='ltr'><strong>e.</strong></span> <span class='ocrx_word' id='word_1_291' title='bbox 1389 2542 1542 2582; x_wconf 76' lang='lat' dir='ltr'><strong>tatione.</strong></span> 
     </span>
     <span class='ocr_line' id='line_1_50' title="bbox 875 2592 1544 2642; baseline 0.009 -15"><span class='ocrx_word' id='word_1_292' title='bbox 875 2592 1079 2640; x_wconf 75' lang='lat' dir='ltr'><strong>prudentia.</strong></span> <span class='ocrx_word' id='word_1_293' title='bbox 1093 2592 1172 2627; x_wconf 90' lang='lat' dir='ltr'>Cic.</span> <span class='ocrx_word' id='word_1_294' title='bbox 1185 2607 1250 2642; x_wconf 84' lang='lat' dir='ltr'><strong>pro</strong></span> <span class='ocrx_word' id='word_1_295' title='bbox 1260 2596 1424 2631; x_wconf 77' lang='lat' dir='ltr'><strong>Murena.</strong></span> <span class='ocrx_word' id='word_1_296' title='bbox 1443 2611 1474 2632; x_wconf 89' lang='lat' dir='ltr'><strong>c.</strong></span> <span class='ocrx_word' id='word_1_297' title='bbox 1491 2612 1544 2633; x_wconf 89' lang='grc'>12.</span> 
     </span>
     <span class='ocr_line' id='line_1_51' title="bbox 877 2652 1544 2698; baseline 0.009 -13"><span class='ocrx_word' id='word_1_298' title='bbox 877 2652 1047 2685; x_wconf 74' lang='lat' dir='ltr'><strong>mulieres</strong></span> <span class='ocrx_word' id='word_1_299' title='bbox 1063 2664 1187 2687; x_wconf 80' lang='lat' dir='ltr'><strong>omnes</strong></span> <span class='ocrx_word' id='word_1_300' title='bbox 1205 2665 1360 2696; x_wconf 76' lang='lat' dir='ltr'><strong>propter·</strong></span> <span class='ocrx_word' id='word_1_301' title='bbox 1383 2656 1544 2698; x_wconf 83' lang='lat' dir='ltr'><em>infirmi-</em></span> 
     </span>
     <span class='ocr_line' id='line_1_52' title="bbox 877 2706 1546 2748; baseline 0.01 -7"><span class='ocrx_word' id='word_1_302' title='bbox 877 2718 991 2741; x_wconf 78' lang='lat' dir='ltr'><strong>tatem</strong></span> <span class='ocrx_word' id='word_1_303' title='bbox 1016 2707 1167 2748; x_wconf 78' lang='lat' dir='ltr'><strong>consilii</strong></span> <span class='ocrx_word' id='word_1_304' title='bbox 1187 2706 1348 2746; x_wconf 69' lang='lat' dir='ltr'><strong>maior-es</strong></span> <span class='ocrx_word' id='word_1_305' title='bbox 1374 2713 1415 2746; x_wconf 81' lang='lat' dir='ltr'><strong>in</strong></span> <span class='ocrx_word' id='word_1_306' title='bbox 1445 2724 1546 2747; x_wconf 79' lang='lat' dir='ltr'><em>tuto·</em></span> 
     </span>
     <span class='ocr_line' id='line_1_53' title="bbox 875 2766 1543 2812; baseline 0.003 -14"><span class='ocrx_word' id='word_1_307' title='bbox 875 2775 960 2799; x_wconf 81' lang='lat' dir='ltr'><strong>rum</strong></span> <span class='ocrx_word' id='word_1_308' title='bbox 1002 2766 1182 2810; x_wconf 73' lang='lat' dir='ltr'><strong>potestate</strong></span> <span class='ocrx_word' id='word_1_309' title='bbox 1218 2769 1288 2812; x_wconf 76' lang='lat' dir='ltr'><strong>esse</strong></span> <span class='ocrx_word' id='word_1_310' title='bbox 1326 2767 1543 2804; x_wconf 73' lang='lat' dir='ltr'><strong>voluerunt.</strong></span> 
     </span>
    </p>
   </div>
   <div class='ocr_carea' id='block_1_13' title="bbox 1338 2829 1408 2870">
    <p class='ocr_par' dir='ltr' id='par_1_15' title="bbox 1338 2829 1408 2870">
     <span class='ocr_line' id='line_1_54' title="bbox 1338 2829 1408 2870; baseline 0.014 -1"><span class='ocrx_word' id='word_1_311' title='bbox 1338 2829 1408 2870; x_wconf 86' lang='lat'><strong>12</strong></span> 
     </span>
    </p>
   </div>
  </div>
 </body>
</html>
