1708 3106
254 153 346 202 192
765 135 1149 190 PHORMIO.

249 277 388 324 PHE.
423 277 586 326 Sanus
615 291 684 323 es.
704 271 766 337 56)
836 278 931 324 GE.
965 278 1188 326 Domum
1220 278 1292 326 ire
1319 294 1548 345 pergam,
1577 278 1670 330 ubi

602 342 878 410 plurimum
904 345 983 393 est.
1003 350 1066 405 57)
1126 349 1265 394 PHE.
1287 348 1600 398 Revocemus

243 413 528 462 Hominem.
597 414 754 460 ANT.
778 414 867 461 Sta
892 410 1023 462 ilico.
1092 416 1186 462 GE.
1218 418 1362 463 Hem.

239 483 370 532 Satis
393 498 485 547 pro
504 480 716 544 imperio
739 485 801 538 ⁵8)
834 481 1070 547 quisquis
1100 500 1168 531 es.
1219 486 1374 532 ANT.
1396 486 1536 532 Geta.
1572 487 1669 534 GE.

601 548 704 612 lpse
729 550 797 597 est
817 565 968 614 quem
987 549 1126 599 volui
1149 549 1363 600 obviam.

172 639 227 668 20
244 617 395 666 ANT.
417 615 552 666 Cedo
578 621 640 676 59)
677 617 803 682 quid
824 631 998 681 portas
1021 617 1250 684 obsecro,
1279 633 1433 686 atque
1454 618 1506 668 id
1526 617 1559 667 fi
1581 638 1668 687 po·

600 697 675 734 tes
700 684 855 734 verbo
877 685 1069 751 expedi.

243 757 338 803 GE.
376 754 591 803 Faciam.
657 756 746 802 ΑΝ
752 756 812 801 T.
853 752 1116 819 Eloquere.
1195 756 1293 802 GE.
1331 753 1490 804 Modo
1531 755 1668 822 apud

599 835 818 887 portum.
829 816 894 882 60)
951 824 1106 870 ANT.
1142 821 1414 870 Meumne‘?
1476 826 1572 872 GE.
1592 828 1667 871 ln·

603 887 828 938 tellexti?
893 890 1049 938 ANT.
1085 889 1273 939 Occidi.
1340 893 1437 938 GE.
1459 894 1599 941 Hem.

231 961 397 1009 ,ANT.
427 955 561 1023 Quid
583 960 759 1022 agam?
827 959 965 1005 PHE.
996 957 1118 1024 quid
1138 959 1248 1006 ais?
1303 961 1398 1006 GE.
1419 960 1589 1008 Huius
1604 955 1666 1019 61)

597 1039 791 1092 patrem
803 1022 863 1087 6²)
883 1025 1049 1074 vidisse
1069 1043 1160 1083 me,
1182 1039 1422 1092 patruum
1447 1025 1665 1087 tuumssss)

243 1097 399 1145 ANT.
428 1097 562 1144 Nam
596 1093 737 1160 quod
768 1111 862 1159 ego
891 1091 1011 1142 huic
1044 1099 1184 1142 nune
1213 1093 1375 1143 subito
1406 1095 1562 1144 exitio
1596 1094 1663 1156 64)

599 1160 878 1211 remedium
909 1162 1160 1210 inveniam
1183 1163 1356 1210 miser?

242 1230 395 1296 Quod
413 1229 447 1280 fi
468 1249 530 1280 eo
554 1227 617 1291 65)
653 1247 795 1278 meae
817 1229 1050 1278 fortunae
1071 1229 1307 1288 redeunt,
1333 1228 1580 1280 Phanium
1599 1230 1665 1293 66)

600 1297 691 1346 abs
714 1311 762 1345 te
794 1311 852 1346 ut
876 1297 1128 1355 distrahar,
1148 1295 1210 1358 67)

170 1379 223 1419 25
238 1367 394 1418 Nulla
418 1368 486 1417 est
502 1365 622 1415 mihi
645 1366 748 1415 vita
769 1365 1060 1432 expetenda.
1109 1368 1205 1415 GE.
1222 1369 1355 1432 ‘Ergo
1375 1366 1524 1416 istaec
1546 1385 1664 1418 cum

597 1437 666 1483 ita
697 1432 791 1484 sint
814 1433 1037 1500 Antipho

238 1508 411 1554 Tanto
431 1504 589 1570 magis
619 1517 668 1551 te
698 1500 966 1567 advigilare
985 1519 1204 1570 aequum
1224 1502 1303 1551 est.
1369 1505 1545 1552 Fortes
1567 1502 1661 1554 for·

598 1585 724 1619 tuna
752 1570 971 1618 adiuvat.

237 1641 391 1691 ANT.
428 1642 548 1689 Non
574 1640 676 1687 sum
700 1636 764 1696 63)
800 1637 935 1703 apud
961 1655 1051 1685 me.
1121 1640 1216 1685 GE.
1252 1638 1408 1703 Atqui
1438 1657 1570 1704 opus
1592 1641 1661 1689 est

599 1724 762 1763 nunc,
798 1723 914 1753 cum
939 1706 1154 1753 maxime
1175 1719 1232 1754 ut
1254 1703 1390 1764 [1569)
1422 1706 1660 1773 Antipho.

234 1780 370 1827 Nam
392 1774 425 1823 fi
460 1775 655 1823 senserit
678 1787 727 1821 te
753 1772 978 1821 timidum
1001 1786 1146 1837 pater
1177 1774 1293 1830 esse,
1330 1772 1660 1823 arbitrabitur

233 1843 585 1894 Commeruisse
607 1839 821 1905 culpam.
886 1839 1026 1886 PHE.
1059 1843 1175 1889 Hoc
1193 1857 1365 1888 verum
1389 1841 1468 1889 est.
1501 1841 1655 1891 ANT.

592 1912 712 1958 Non
733 1908 926 1975 possum
953 1908 1278 1956 immutarier.
1301 1911 1365 1968 7⁰)

293 2043 358 2089 56)
384 2041 456 2077 esto
512 2045 572 2087 57)
605 2038 805 2084 saepissime
831 2050 992 2076 moratur
1047 2041 1113 2085 58)
1138 2037 1220 2074 satis
1249 2039 1381 2074 faciam
1410 2050 1474 2075 tuo
1502 2041 1656 2088 imperio

337 2104 396 2146 59)
430 2099 490 2133 dic
537 2100 597 2139 60)
626 2099 699 2132 vidi
731 2109 867 2145 patrem
935 2098 1001 2142 61)
1025 2098 1247 2144 Antiphoni·
1310 2099 1371 2138 62)
1397 2096 1481 2138 dicq
1512 2100 1604 2145 ·63)
1630 2112 1655 2134 ο

333 2156 494 2192 Phedrin
540 2156 606 2200 64)
628 2154 791 2201 periculo
813 2167 896 2188 meo
943 2155 1007 2200 65)
1027 2153 1072 2188 ad
1101 2154 1194 2189 illud
1239 2154 1305 2199 66)
1327 2146 1349 2188 ὁ
1372 2154 1563 2189 Phanium.
1590 2169 1656 2190 no-

335 2226 418 2248 men
443 2213 563 2247 uxoris
611 2214 671 2257 67)
691 2212 833 2260 separer
877 2213 943 2259 63)
958 2212 1191 2261 praestituere
1236 2212 1302 2258 69)
1322 2210 1420 2257 apud
1445 2221 1480 2246 te
1527 2216 1588 2258 70)
1614 2222 1654 2248 ut

336 2269 444 2306 tristis
473 2283 549 2304 non
580 2269 658 2304 sim.

276 2417 329 2451 ¹9.
354 2420 423 2450 pro
442 2406 620 2450 imper-1¹0]
669 2404 806 2441 scilicet
828 2406 902 2450 agis
969 2407 1121 2453 scedere
1147 2417 1172 2439 a
1192 2405 1350 2449 privato
1376 2406 1527 2442 lictor-es
1550 2405 1656 2444 iube·

227 2462 282 2496 vel
307 2462 479 2509 loqueris.
530 2465 596 2497 Pro
625 2462 778 2510 imperio
800 2477 903 2510 agere
978 2465 1055 2501 bat.

228 2517 381 2557 dicitur,
421 2520 481 2565 qui
514 2519 664 2554 fidenter
696 2522 788 2565 agit,
826 2520 902 2555 fine
1025 2526 1082 2564 24.
1104 2519 1202 2565 fieo
1223 2531 1324 2554 meae
1339 2519 1527 2562 fortunae
1545 2518 1651 2553 rede-

226 2575 377 2613 timore.
403 2587 440 2608 ut
459 2575 575 2611 solent
595 2576 763 2613 hominen
790 2579 903 2626 impe·
979 2578 1073 2622 unt]
1121 2576 1159 2610 h·
1190 2588 1220 2609 θ·
1255 2573 1281 2608 fi
1311 2574 1347 2607 in
1378 2587 1436 2609 92⁵
1469 2574 1649 2618 angusti„

224 2632 280 2665 rio
308 2631 388 2664 steti
420 2633 492 2668 Liv.
523 2635 551 2667 1.
571 2643 626 2676 5¹·
654 2651 722 2678 pro
744 2640 900 2680 imperio
978 2644 1175 2680 coguntur.
1202 2631 1413 2676 rediguntur
1432 2644 1486 2665 res
1507 2643 1620 2670 meae,

204 2690 353 2733 ‘palam
372 2691 538 2733 interfici
555 2705 628 2725 non
651 2704 813 2733 potetur.
838 2693 900 2726 111.
1020 2702 1076 2736 29.
1107 2690 1360 2735 Commermyse
1380 2688 1545 2732 culpam]
1572 2687 1596 2720 i.
1616 2699 1650 2721 ο.

222 2752 279 2790 49.
291 2747 367 2780 iam
383 2759 452 2790 pro
471 2749 626 2792 imperio
641 2750 819 2784 Valerius
838 2749 898 2783 di·
976 2746 1190 2783 contraxisse
1211 2746 1377 2793 culpam,
1414 2743 1572 2791 idffl‘lue
1594 2753 1652 2778 ε’·
