1708 3106
559 167 698 216 Aer.
728 171 782 217 V.
848 169 1025 218 Scan.
1057 171 1155 216 vu,
1264 197 1266 199 ·
1468 173 1565 235 257

145 306 292 369 Quae
312 314 422 352 tute
445 300 633 352 dudum
656 319 828 353 coram
858 319 939 351 me
961 305 1027 362 95)
1063 302 1406 353 incusaveras..

141 369 292 423 ΡΗΟ.
324 371 463 420 Satin
503 370 713 435 superbe
754 369 972 420 illuditis
998 373 1114 420 me?
1193 370 1299 420 DE.
1338 372 1473 438 Qui?
1498 371 1566 435 9⁶)

497 440 644 486 PHO.
672 440 872 504 Rogas?

141 506 276 570 Quia
305 523 370 554 ne
394 503 600 554 alteram
630 505 841 573 quidem
856 504 991 554 illam
1020 517 1203 571 potero
1232 504 1428 556 ducere.

141 574 274 623 Nam
304 590 411 640 quo
442 572 626 689 redibo¹>
652 591 739 684 (ge
756 579 819 636 97)
855 572 923 623 ad
944 590 1056 624 eam
1076 591 1232 640 quam
1263 577 1562 642 contempse-

0 740 5 753 2
68 716 125 758 25
140 709 238 756 CH.
257 710 395 756 Tum
418 657 590 757 auteffi
608 645 966 774 Antiphonem
967 706 1115 758 video
1135 706 1200 756 ab
1220 707 1311 756 sese
1333 710 1561 761 amittere

0 775 17 829 Ξῖ
127 775 354 825 Invitum
386 792 521 833 eam,
564 777 721 843 inque
750 781 815 835 99)
899 778 999 825 DE.
1039 779 1179 824 Tum
1212 788 1382 825 autem
1411 777 1558 830 video

137 911 351 960 Invitum
373 813 767 960 [εῃεέῐιιὶιιιιὲἑτεω
789 909 853 959 ab
878 910 923 960 se
946 911 1185 959 amittere.

133 976 232 1027 Sed
252 976 401 1026 transs
427 979 565 1028 sodes
585 978 648 1028 ad
668 979 831 1027 forum
852 991 1007 1044 atque
1028 976 1153 1026 illud
1185 976 1308 1028 mihi

11 1057 14 1059 ’
135 1044 407 1109 Argentum
428 1048 621 1095 rurIum
643 1046 761 1094 iube
784 1044 984 1095 rescribi
1012 1050 1045 1104 ¹)
1081 1044 1332 1096 Phormio
1355 1051 1396 1108 ²)

0 1096 18 1206 ξ
62 1116 119 1163 3ο
131 1112 277 1166 PHO.
308 1115 558 1179 Quodne?
589 1115 630 1172 *)
663 1116 704 1173 ὅ)
756 1114 862 1179 Ego
891 1111 1147 1180 perseripfi
1179 1117 1218 1177 4)
1272 1133 1427 1180 porro
1454 1115 1553 1167 illis

0 1164 18 1223 ζ
133 1247 236 1305 ΒΕ.
282 1246 420 1312 Quid
452 1179 979 1312 ἰὸᾞῗξῖἰὸεέἳώυὲῌῡ.
1013 1249 1065 1298 Si
1093 1249 1170 1299 vis
1201 1248 1322 1299 mihi
1344 1269 1554 1302 uxorem

134 1383 305 1445 Quam
327 1314 645 1446 ᾶεΐροέἕὶῗί,
682 1381 875 1431 ducam.
945 1383 1033 1432 Sin
1060 1384 1129 1437 est
1148 1397 1206 1432 ut
1225 1383 1347 1435 velis

130 1447 274 1496 Illam
312 1466 515 1497 manere
552 1450 690 1516 apud
721 1464 792 1507 te,
842 1449 936 1500 dos
964 1449 1050 1500 hic
1081 1453 1245 1502 omnis
1284 1469 1487 1504 maneat
1510 1458 1551 1515 ⁵)

489 1517 761 1583 Demipho
778 1515 816 1577 6)

130 1584 263 1632 Nam
286 1600 388 1632 non
407 1584 476 1632 est
496 1602 713 1651 aequum
735 1604 815 1634 me
837 1597 1046 1651 propter
1067 1601 1160 1634 vos
1190 1584 1366 1653 decipi.
1427 1607 1429 1609 ·

0 1669 15 1703 ’ἰ
59 1658 117 1702 35
131 1653 257 1699 Cum
279 1668 372 1716 ego
392 1651 541 1700 vostri
561 1651 768 1702 honoris
790 1654 938 1703 causa
956 1651 1228 1719 repudium
1245 1653 1389 1704 alteri
1413 1659 1454 1714 7)

0 603 7 658 ’ἑ

187 1787 255 1834 95)
279 1785 371 1822 dicit
396 1784 572 1824 Chremes
626 1789 687 1835 96)
712 1785 900 1835 quomodo
953 1787 1020 1832 97)
1041 1787 1142 1823 vultu
1186 1792 1247 1834 93)
1277 1801 1384 1836 quam
1403 1802 1549 1839 propter

233 1841 347 1890 ipsam
378 1841 498 1879 dimifi
551 1848 612 1891 99)
636 1845 785 1892 loquere
845 1844 883 1890 ι)
907 1843 1011 1878 reddi
1066 1846 1108 1890 2)
1138 1857 1161 1879 o
1181 1844 1353 1880 Phormio
1398 1847 1428 1888 ⁴¹)
1452 1849 1547 1885 edic.

232 1913 350 1946 neque
375 1902 590 1949 interrogat
619 1916 734 1951 neque
760 1904 915 1949 discing.
978 1900 1021 1946 3)
1056 1911 1243 1947 argentum
1316 1903 1361 1948 4)
1401 1903 1549 1939 reddidi

231 1960 271 1999 5)
300 1954 398 2004 apud
425 1969 485 1994 me
527 1959 571 2003 6)
595 1970 618 1992 o
640 1958 826 2006 Demipho
874 1958 915 2003 7)
939 1957 1097 1993 mulieri.

129 2126 194 2170 egi
200 2124 359 2171 frigida
374 2136 501 2162 noctes
516 2125 658 2160 petron.
677 2139 707 2160 c.
724 2134 801 2169 ¹33·
880 2123 1092 2159 facultatum
1120 2123 1260 2159 suarum
1281 2136 1420 2172 partem
1449 2129 1548 2176 apud

130 2194 179 2216 an
198 2193 394 2220 concentus
405 2183 493 2225 fuit
509 2184 630 2218 vidua
648 2183 800 2226 pudica·
878 2181 1117 2228 argentarium
1130 2180 1375 2227 deponebant.
1394 2185 1439 2219 ad
1450 2199 1550 2221 eum-

131 2250 198 2285 que
217 2248 336 2273 noete.
354 2249 389 2272 v-
410 2238 568 2273 Gronov.
589 2239 628 2272 in
649 2238 799 2275 lection.
877 2251 948 2286 que
974 2237 1168 2272 creditores
1193 2237 1274 2273 [uos
1292 2241 1524 2279 remittebant
1537 2257 1547 2277 τ

129 2291 285 2329 Plautia.
306 2306 342 2339 p.
359 2301 439 2336 323.
877 2293 976 2341 quod
992 2293 1179 2328 dicebatur
1189 2298 1382 2341 rescribere
1397 2299 1451 2333 vel
1465 2315 1546 2344 per·-

175 2360 232 2384 2¹.
258 2350 395 2390 Eadem
422 2350 549 2386 omnia
572 2364 627 2386 me
652 2353 795 2398 incusa—
860 2352 1033 2396 scribere.
1052 2363 1083 2387 v,
1103 2351 1240 2386 Donat.
1269 2352 1316 2386 ad
1332 2351 1370 2387 b.
1389 2354 1415 2388 1.
1436 2345 1546 2391 solve-

127 2406 264 2450 verat]
304 2406 502 2453 iunguntur
518 2408 583 2442 uni
599 2407 706 2442 verbo
723 2407 796 2442 duo
871 2421 910 2443 re
931 2421 995 2455 per
1022 2406 1295 2453 affignationem
1314 2407 1430 2445 hodie
1454 2411 1545 2448 dici-

129 2460 340 2502 accusativi,
373 2462 679 2511 alterpersonae.
706 2464 796 2499 alter
870 2474 942 2499 tur.
1000 2464 1091 2498 Rem
1119 2464 1265 2511 copiose
1292 2466 1544 2512 explicuerunt

126 2518 199 2556 rei.
232 2517 278 2552 de
302 2530 375 2566 qua
394 2520 661 2556 constructione
681 2532 713 2557 v,
733 2521 796 2555 Pe-
870 2521 1018 2556 Salmas.
1040 2522 1086 2556 de
1106 2519 1197 2556 usur.
1221 2534 1256 2568 p.
1276 2528 1355 2565 473.
1378 2524 1541 2563 Gronov,

126 2573 245 2611 rizon.
274 2573 322 2608 ad
348 2575 386 2610 S.
414 2577 508 2612 Min.
548 2578 594 2611 11.
632 2585 666 2620 5.
692 2577 726 2612 6.
756 2590 794 2624 p.
872 2577 1017 2613 observ.
1049 2580 1112 2614 IV.
1138 2590 1172 2624 9.
1200 2588 1236 2612 et
1254 2577 1382 2614 Graev.
1413 2581 1460 2616 ad
1480 2583 1542 2619 Ci-

133 2637 211 2674 189.
870 2647 940 2671 cer.
968 2635 1014 2669 ad
1033 2636 1141 2671 Attic.
1160 2635 1259 2669 XVI.
1278 2646 1312 2668 2.

0 2716 2 2719 ,
170 2697 229 2738 ,²9⁹
256 2688 407 2732 rescribi
414 2688 430 2732 J
478 2687 581 2723 reddi
601 2701 663 2736 per
679 2699 794 2736 trope·
915 2699 970 2734 35.
995 2694 1113 2736 vestri
1130 2691 1282 2727 honoris
1299 2692 1433 2738 eausa]
1478 2693 1541 2730 Sic

0 2740 2 2816 ’ν
125 2742 234 2777 zium
266 2743 336 2778 five
363 2745 614 2790 argentarium.
644 2746 793 2782 Veteres
870 2747 1001 2783 Cicero
1026 2759 1062 2784 et
1080 2748 1239 2794 optimus
1264 2747 1419 2795 quiaque
1448 2762 1541 2787 vete-

10 2816 42 2856 Jf.
80 2812 220 2848 Torone·
250 2812 350 2851 Com.
379 2816 479 2849 Tom.
506 2815 552 2851 ΙΙ.
1362 2808 1403 2857 R
