1664 3100
179 162 246 220 48
441 225 443 228 ι
682 122 1077 209 ἷΑΒΕιΡΗι

175 300 433 362 Cognatus
468 294 589 343 mihi
630 308 758 353 erat,
805 313 909 344 una
942 314 971 343 a
998 296 1168 362 pueris
1202 292 1429 362 parvulis

175 369 361 415 Sumus
384 364 608 421 educati,
642 382 746 412 una
766 365 954 429 semper
977 364 1184 413 militiae
1207 369 1273 426 99)
1310 378 1361 413 et
1382 364 1522 414 domi

106 445 159 485 50
178 435 399 490 Fuimus,
428 446 780 497 paupertatem
801 450 905 480 una
925 431 1225 497 pertulimus
1251 451 1466 498 gravem.

177 505 498 567 Quapropter
517 502 668 557 nitar,
705 500 910 557 faciam,
947 501 1188 567 experiar.
1221 502 1464 568 Denique
1540 547 1542 549 .

175 571 406 617 Animam
435 566 717 634 relinquam
740 568 935 632 potius,
971 586 1125 635 quam
1156 567 1268 618 illas
1304 567 1534 617 deferam*

179 636 317 706 Quid
347 635 470 685 mihi
504 635 810 701 respondes?
887 638 986 685 DE.
1034 640 1261 686 Fratrem
1299 633 1602 688 conveniam

177 774 225 824 Is
252 775 292 834 2)
326 771 468 841 quod
501 707 721 820 mtliffiffge
747 708 845 821 liae
883 787 939 821 re
976 770 1174 821 dederit
1207 768 1493 832 consilium,
1547 770 1603 822 id

102 922 155 963 55
170 911 274 960 ΗΕ.
303 908 401 960 Sed
421 840 768 1016 Βεηξξὲῗῖὸο
796 917 853 956 tu
877 906 1057 966 facit03
1097 924 1215 957 curn
1248 909 1419 958 animo
1443 904 1486 969 ²)
1521 925 1601 958 co-

404 991 406 994 ⁴
532 989 658 1042 gites
718 983 733 1036 )

171 1050 338 1114 Quam
363 1047 402 1104 4)
430 1062 522 1095 vos
544 1042 777 1093 facillime
804 1043 972 1108 agitis,
997 1046 1035 1100 5)
1109 1059 1227 1092 uam
1250 1043 1362 1093 estis
1384 1045 1599 1094 maxime

170 1116 435 1172 Potentes,
470 1112 621 1170 dites,
657 1112 924 1168 fortunati,
960 1061 1184 1170 nobiles'3

172 1188 304 1231 Tam
327 1181 541 1231 maxime
567 1185 635 1241 ⁵⁸)
671 1197 762 1229 vos
789 1196 956 1246 aequo
982 1179 1173 1237 animo,
1207 1195 1376 1246 aequa
1394 1179 1598 1230 noscere

176 1254 413 1316 Oportet,
443 1247 478 1296 fi
498 1266 590 1298 vos
617 1246 771 1297 vultis
802 1245 1054 1313 perhiberi
1079 1244 1283 1313 probos.
1308 1245 1348 1307 6)

99 1330 152 1372 60
168 1320 271 1367 DE.
295 1317 487 1375 Redito,
515 1322 551 1376 7)
586 1313 732 1373 fient,
779 1332 917 1382 quae
937 1311 1046 1361 fieri
1066 1315 1299 1381 ‘aequum
1325 1316 1394 1366 est
1411 1317 1596 1367 omnia.

168 1391 270 1436 HE.
301 1388 464 1435 Decet
482 1398 530 1433 te
550 1383 724 1433 facere.
749 1389 788 1445 8)
859 1385 990 1431 Geta
1012 1381 1054 1445 9)
1096 1381 1198 1433 duc
1223 1401 1303 1432 me
1326 1383 1391 1433 ad
1411 1386 1595 1435 Sostra-

525 1466 641 1501 tam.

168 1524 271 1572 DE.
288 1524 409 1572 Non
424 1539 503 1569 me
523 1520 778 1569 indicente
792 1525 850 1580 ω)
871 1517 998 1568 haec
1017 1516 1159 1568 fiunt.
1192 1520 1401 1569 Utinam
1420 1519 1521 1571 hoc
1535 1524 1593 1583 ¹¹)

525 1586 583 1636 fit
604 1587 757 1636 medo

165 1658 488 1708 Defunctum.
515 1665 574 1715 ¹2)
623 1659 809 1703 Verum
840 1654 995 1701 nimia
1023 1651 1170 1702 illaec
1200 1651 1407 1704 licentia

167 1726 400 1776 Profecto
426 1723 606 1773 evadet
628 1723 687 1781 ¹3)
720 1723 773 1769 in
804 1719 1015 1787 aliquod
1049 1739 1287 1786 magnum
1322 1721 1526 1774 malum;

94 1807 150 1849 65
165 1795 255 1845 lbo
276 1807 327 1843 et
336 1794 592 1859 requiram
611 1790 814 1839 fratrem
831 1793 887 1849 ι4)
914 1802 971 1837 ut
992 1789 1045 1836 in
1065 1806 1182 1837 eum
1202 1788 1328 1840 haec
1347 1808 1588 1842 evomam.

225 1925 293 1974 99)
319 1922 571 1959 adverbialiter
621 1923 659 1969 x)
685 1935 706 1957 ο
727 1921 846 1967 Hegio
903 1922 945 1968 2)
970 1921 1079 1971 frater
1098 1934 1200 1958 meus
1258 1922 1331 1966 aa)
1355 1934 1420 1960 tuo
1465 1927 1508 1973 3)
1531 1927 1591 1962 f'nc
1637 1947 1639 1949 ·

273 1993 315 2017 ut
343 1979 547 2016 Aeschinus
583 1979 685 2014 illam
716 1978 825 2014 ducat
893 1980 937 2025 4)
962 1990 1138 2026 quantum
1210 1982 1248 2022 5)
1274 1980 1451 2030 quicquid
1479 1984 1588 2021 vultis

269 2039 344 2084 5a)
366 2048 507 2073 tantum
554 2035 595 2083 6)
617 2036 865 2072 testimonium
891 2037 1083 2085 probitatis
1115 2035 1222 2071 vultis
1253 2034 1388 2074 habere
1415 2052 1435 2075 ι
1463 2041 1588 2089 plebe·

269 2096 308 2131 io
336 2094 475 2143 populo
549 2094 590 2140 7)
614 2094 741 2128 recede
811 2099 848 2136 8)
874 2107 896 2130 ο
923 2095 1063 2130 Demea
1091 2106 1184 2142 quae
1211 2091 1303 2129 dicis
1367 2096 1418 2143 ,9)
1444 2110 1467 2132 ο
1491 2098 1589 2134 θεῖε,

272 2156 330 2193 10)
349 2151 594 2199 praecipiente
645 2155 699 2193 ιι)
716 2151 854 2187 malum
904 2152 1122 2194 12)finitum
1172 2152 1233 2196 13)
1249 2152 1390 2189 eveniet
1440 2155 1501 2203 14)
1514 2155 1588 2191 Mi·
1635 2194 1644 2202 κ

272 2223 430 2245 cionem.

206 2367 267 2403 55.
292 2372 373 2395 cum
392 2361 516 2394 animo
538 2356 706 2405 cogites]
753 2356 835 2395 Cic.
911 2369 943 2394 c.
965 2368 995 2391 ι.
1015 2359 1082 2403 qui
1099 2356 1299 2404 agitabant
1315 2357 1586 2410 nobileffaeil-

161 2427 273 2463 agrar.
297 2416 342 2449 11.
362 2422 420 2458 24.
909 2415 999 2450 lime
1008 2425 1040 2447 v.
1055 2413 1186 2448 (ἔτιον.
1203 2412 1250 2448 nd
1262 2413 1343 2452 Cic:
1362 2413 1410 2450 ad
1419 2416 1503 2451 Div.
1516 2417 1588 2462 111„

206 2474 263 2515 56.
298 2474 414 2518 Quam
444 2485 515 2508 vos
531 2472 725 2516 facillime
749 2473 836 2517 agi·
914 2482 968 2505 12.

160 2529 235 2574 tis]
281 2527 355 2563 scil.
387 2529 508 2564 vitam.
551 2530 676 2564 Facile
702 2530 836 2563 vivere
955 2527 1014 2562 62.
1043 2540 1098 2563 me
1115 2527 1319 2572 indicente]
1367 2526 1438 2562 Le.
1458 2538 1582 2564 tacen-

160 2587 331 2621 dicuntur
353 2586 415 2633 qui
438 2598 481 2619 ex
514 2584 625 2618 animi
655 2583 833 2618 sententia
909 2593 966 2624 te,
1002 2582 1106 2618 -nihil
1142 2583 1297 2620 dicente.
1347 2582 1580 2620 Rariffimum

157 2642 233 2678 fine
262 2643 431 2677 molestiis
464 2653 544 2675 cum
572 2639 753 2674 sumtuum
778 2650 833 2674 to·
908 2639 1054 2675 verbum
1074 2640 1181 2675 etiam
1204 2641 1360 2677 occurrit
1382 2640 1480 2688 apud
1498 2642 1580 2677 Liv.

159 2698 391 2733 lerandorum
421 2709 497 2733 tum
527 2697 677 2731 aliarum
712 2709 831 2730 rerum
907 2696 1022 2733 XXII.
1058 2703 1114 2742 39.
1155 2697 1231 2733 duo
1273 2698 1362 2734 born·
1412 2699 1580 2743 eonsules

158 2754 294 2790 vivunt.
341 2754 489 2789 sueton.
518 2755 555 2790 in
574 2753 739 2789 Terentii
758 2753 831 2790 vita
905 2757 1020 2790 etiam
1038 2767 1094 2790 me
1116 2755 1306 2791 indicente
1323 2758 1451 2792 omnia
1468 2769 1578 2800 repu-
