1708 3106
43 238 53 240 ἶ
130 161 223 210 188
642 166 1025 214 PHORMIO.

118 299 236 346 Neu
255 315 333 346 me
356 296 594 365 cupidum
618 317 680 348 eo
706 306 762 361 12)
797 299 1075 367 impulisset,
1108 298 1248 369 quod
1271 298 1392 351 mihi
1408 301 1541 370 prin-

480 369 665 433 cipium
697 370 764 415 est
795 369 923 416 mali.

117 434 237 482 Non
256 435 451 499 potitus
470 437 528 494 ι5)
549 436 704 483 essem.
737 435 894 484 fuisset
906 449 1015 485 tum
1031 435 1146 486 illos
1162 440 1221 499 ¹⁴)
1251 436 1374 486 mihi
1395 454 1542 504 aegre

475 501 673 569 aliquot
703 502 821 551 d1es.
847 509 904 564 ¹5)

121 575 188 618 At
218 586 320 618 non
356 522 612 618 cotidifflan
641 588 763 619 cura
801 571 858 633 16)
904 571 1031 621 haec
1064 585 1270 638 angeret
1301 574 1540 624 animum.

473 641 573 685 PH.
611 639 776 686 audio.

113 706 219 754 AN.
253 707 389 754 Dum
425 719 637 772 expecto
666 725 816 772 quam
850 724 967 754 mox
997 708 1167 756 veniat
1192 707 1252 771 ¹7)
1288 709 1378 775 qui
1406 707 1540 758 hanc

476 773 600 821 mihi
634 775 822 822 adimat
850 776 1260 826 consuetudinem
1290 782 1347 835 ¹8)

45 863 94 890 10
109 844 211 890 PH.
255 839 376 890 Aliis
406 842 527 908 quia
557 839 676 890 defit
710 842 850 908 quod
878 856 1049 891 amant
1083 861 1230 912 aegre
1257 846 1336 894 est.
1416 841 1539 891 Tibi

474 910 597 976 quia
622 910 840 976 superest
862 909 1026 966 dolet;

109 982 293 1025 Amore
325 975 593 1025 abundans
617 984 676 1038 ¹9)
699 980 737 1039 ⁸)
772 977 1006 1044 Antipho.

110 1048 244 1095 Nam
266 1058 358 1094 tua
390 1044 594 1112 quidem
625 1045 791 1094 hercle
823 1060 961 1095 certo
984 1050 1044 1105 2⁰)
1078 1047 1182 1096 vita
1209 1045 1336 1097 haec
1356 1048 1422 1106 ²¹)
1458 1061 1536 1095 ex-

471 1112 687 1179 petenda
712 1114 1041 1181 optandaque
1065 1116 1143 1164 est.

104 1180 187 1230 Ita
208 1198 286 1230 me
313 1181 399 1229 Dii
428 1179 556 1230 bene
580 1198 769 1239 ament,
804 1196 861 1230 ut
879 1188 938 1243 2²)
976 1182 1098 1231 mihi
1128 1181 1279 1233 liceat
1309 1195 1413 1231 tam
1446 1168 1535 1229 diu

476 1249 618 1316 quod
642 1268 756 1298 arno
785 1255 844 1308 23)
881 1246 987 1298 frui.

106 1318 210 1366 Iam
243 1317 483 1384 depicisci,
510 1320 547 1376 ²“)
568 1320 629 1380 24)
672 1331 833 1367 morte
862 1320 1028 1384 cupio.
1075 1331 1135 1367 tu
1156 1318 1396 1368 coniicito
1427 1333 1534 1366 cae-

466 1398 587 1435 tera.

171 1546 227 1584 12)
255 1540 301 1576 ad
321 1540 414 1575 illud
473 1546 528 1584 13)
554 1541 616 1577 illa
678 1543 739 1589 14)
763 1556 827 1590 per
853 1542 936 1577 illos
1005 1546 1060 1586 15)
1084 1541 1109 1577 fi
1130 1542 1231 1576 illam
1258 1554 1334 1576 non
1355 1537 1532 1575 duxissem

218 1602 272 1639 16)
300 1599 411 1634 timor
440 1609 475 1633 et
502 1598 712 1634 sollicitudo
740 1601 851 1645 patris
912 1602 971 1646 17)
1000 1611 1100 1647 pater
1150 1605 1206 1642 18)
1229 1598 1420 1634 habitandi
1447 1610 1530 1632 cum

213 1657 276 1690 illa
328 1656 388 1701 19)
414 1655 577 1691 abundas
635 1657 670 1702 ‘)
696 1658 787 1692 edit.
815 1670 852 1694 et
882 1661 1003 1694 Bentl.
1035 1657 1198 1692 abundas
1257 1660 1314 1696 2ο)
1341 1669 1405 1702 pro
1431 1665 1530 1689 certo

210 1718 270 1752 21)
298 1725 418 1748 amore
443 1714 552 1760 plena
598 1718 658 1755 22)
685 1715 824 1749 utinam
873 1719 932 1756 23)
959 1714 1122 1762 quandiu
1146 1715 1266 1749 vixero
1321 1713 1356 1758 ⁴³)
1379 1713 1472 1750 edit.
1491 1718 1531 1749 εἰ

210 1772 332 1808 Βεηιί.
356 1769 536 1818 depecisci
600 1775 661 1816 24)
691 1770 835 1818 depasci
865 1771 921 1805 vel
953 1770 1139 1806 devastari.

103 1964 149 1999 nd
179 1964 348 2000 Cicernn.
380 1963 406 2001 l.
439 1976 471 1999 c.
498 1975 566 2012 pro
584 1965 656 2011 sed
682 1964 775 2000 acci·
900 1968 951 2006 14.
984 1961 1184 2009 depecisci]
1256 1963 1440 2008 depacisbi
1471 1963 1526 1999 vel

101 2023 170 2070 pit.
851 2022 1029 2067 depecisci
1065 2031 1183 2055 morte
1220 2019 1271 2054 est
1310 2019 1420 2054 talem
1462 2033 1525 2068 pa-

145 2091 180 2123 9.
208 2091 316 2126 quam
339 2081 444 2120 mox]
483 2077 665 2124 eleganter
683 2078 775 2113 dici·
852 2078 1012 2113 ctionem
1051 2076 1163 2115 inire,
1220 2086 1261 2110 ut
1290 2088 1337 2110 ne
1368 2087 1522 2112 mortem

99 2147 157 2170 tur
176 2149 240 2180 pro
262 2149 370 2183 quam
390 2138 479 2172 cito.
494 2136 573 2171 Cic.
588 2149 652 2182 pro
667 2135 772 2171 Rosc.
851 2133 1001 2181 quidem
1034 2131 1191 2170 recuses,
1223 2132 1426 2167 dummodo
1447 2128 1523 2168 t'em

100 2192 293 2228 comoedo
331 2205 362 2226 e.
402 2201 454 2235 15.
501 2194 594 2242 quid
644 2198 773 2239 exspe-
850 2202 987 2238 gratam
1026 2189 1173 2241 haberer
1193 2188 1312 2224 liceat.
1350 2189 1430 2224 Cic.
1475 2190 1523 2225 ad

98 2263 179 2286 ctas
202 2263 311 2293 quam
341 2263 430 2284 ἠοω
450 2265 518 2298 ego
542 2254 714 2288 Luscium
738 2263 775 2288 ee
850 2250 958 2285 Λαὶς.
987 2249 1049 2284 lx.
1079 2260 1112 2292 7.
1133 2260 1201 2282 cur
1217 2261 1291 2282 non
1317 2246 1523 2294 honestzffi·

98 2309 302 2344 Manilium
322 2308 462 2345 dicam.
487 2309 620 2344 ordine
637 2311 705 2354 esse
714 2314 773 2355 fie-
850 2321 908 2343 mo
918 2308 1085 2350 periculo
1097 2306 1274 2352 depecish‘
1283 2306 1406 2340 velim.
1422 2305 1522 2351 Virg.

97 2378 257 2402 nacores.
302 2364 378 2398 Liv.
415 2365 583 2399 XXXIV.
621 2379 649 2402 1.
692 2381 772 2401 cum
850 2367 939 2398 Aen.
962 2364 1039 2398 XII.
1058 2369 1114 2407 49-
1133 2364 1317 2408 letumque
1328 2361 1438 2406 fimas
1451 2377 1521 2408 pro

96 2437 172 2472 qua
205 2436 293 2457 mox
315 2421 443 2467 figm's
478 2425 630 2459 collatis
660 2425 772 2459 dimi·
849 2422 965 2458 laude
983 2421 1133 2465 paczfii.
1157 2420 1299 2452 Poterat
1318 2418 1428 2453 etiam
1449 2420 1521 2454 Te·

97 2481 255 2515 candum
282 2479 363 2522 sibi
399 2482 440 2515 in
469 2481 550 2517 dies
585 2482 769 2526 exspecto,
849 2478 987 2513 tentius
1017 2476 1144 2512 dixisse
1171 2476 1348 2521 depecisci
1364 2478 1461 2515 vica.
1480 2485 1522 2511 ut

97 2539 159 2573 ubi
182 2550 213 2571 v.
238 2536 399 2570 Gronov.
847 2535 948 2580 Virg.
970 2537 1059 2569 Aen.
1081 2535 1127 2568 V.
1149 2541 1226 2575 230.
1247 2535 1441 2580 vitamque
1455 2547 1522 2568 vo·

150 2603 202 2636 13.
226 2594 335 2639 frui]
380 2594 472 2637 frui
495 2593 641 2641 proprie
667 2593 705 2627 in
733 2605 771 2627 re
847 2595 932 2629 lunt
966 2606 1036 2639 pro
1070 2592 1183 2627 laude
1223 2592 1372 2636 Fac'fi'i·
1420 2589 1519 2624 Nam

99 2665 261 2688 amorum
284 2650 465 2690 dicuntur.
493 2653 555 2698 qui
581 2651 772 2697 potiuntur
846 2659 1040 2695 utrumque
1069 2646 1198 2682 eodem
1220 2646 1325 2681 redit.
1346 2657 1377 2680 v.
1398 2646 1520 2682 Bentl-

98 2724 153 2749 eo,
182 2708 279 2755 quod
311 2718 444 2743 amant.
473 2707 598 2742 Floru-
617 2708 682 2744 lv.
716 2718 768 2741 11.
849 2705 896 2740 nd
915 2706 1043 2741 Horat.
1075 2706 1196 2740 Carm.
1214 2704 1277 2738 111.
1304 2709 1358 2747 14.
1379 2714 1414 2738 2.

99 2782 133 2815 Ρ·
155 2775 236 2813 847·
