1664 3100
223 833 457 881 INCIPIT
499 831 760 879 HECYRA
799 832 1142 879 FELICITER.
1207 833 1389 880 ACTA
1428 837 1528 881 LU-

110 903 567 950 DIS'ROMANIS
617 903 752 948 SEX.
801 904 923 947 JUL.
976 904 1154 949 CAES.
1214 906 1315 948 GN.
1381 906 1552 951 COR-2

108 973 247 1017 NEL.
287 971 622 1019 AEDILIBUS
666 973 1014 1018 CURILIBUS.
1071 973 1205 1018 NON
1233 975 1358 1018 EST
1393 975 1529 1023 PER·

110 1041 294 1086 ACTA
369 1040 574 1087 TOTA.
682 1040 913 1086 MODOS
981 1043 1168 1088 FECIT
1236 1045 1527 1091 FLACCUS

107 1109 535 1163 CLAUDITIBIIS
587 1109 912 1156 PARILIBUS
971 1112 1072 1155 GN.
1116 1111 1411 1158 OCTAVIO
1464 1115 1525 1158 T.

110 1180 361 1224 MANLIO
402 1180 588 1224 CONS.
658 1179 917 1223 RELATA
957 1180 1085 1225 EST
1124 1181 1380 1224 ITERUM
1423 1184 1526 1227 LU-

110 1247 217 1292 DIS
275 1246 670 1290 FUNEBRIBVS.
762 1248 1022 1292 RELATA
1074 1250 1200 1292 EST
1260 1249 1522 1295 TERTIO.

113 1315 172 1376 Q.
212 1315 452 1360 FULVIO.
512 1316 563 1357 L.
614 1314 844 1359 MARCO
895 1317 1232 1364 AEDILIBUS
1278 1320 1526 1364 CURULI·

223 1507 345 1551 Acta
374 1507 437 1550 est
457 1507 535 1550 ista
565 1507 711 1550 fabula
732 1507 896 1551 E'chira
924 1523 1035 1564 quae
1054 1509 1271 1565 sequitur,
1304 1527 1437 1567 quam
1463 1515 1523 1557 la·

112 1582 234 1620 tinus
267 1580 470 1619 comicus
502 1576 752 1619 Terentius
784 1578 1033 1635 composuit
1061 1579 1178 1623 ludis
1208 1581 1444 1631 Romanis,
1473 1586 1522 1626 id

114 1647 177 1690 est
207 1647 316 1689 dum
343 1646 440 1689 ludi
475 1654 740 1702 agerentur,
794 1661 906 1701 quos
943 1651 1094 1704 primo
1123 1648 1317 1693 Romani
1347 1653 1524 1696 adinve-

113 1725 288 1758 nerant.
363 1714 604 1756 Habebant
632 1714 793 1756 audem
822 1716 983 1765 ludos,
1028 1732 1144 1772 quos
1177 1721 1231 1761 ab
1260 1721 1357 1764 aliis
1380 1726 1522 1779 genti·

113 1786 198 1828 bus
229 1792 520 1841 acceperant,
566 1783 714 1826 Sexto
742 1783 856 1826 Iulio
888 1786 1098 1835 Caesare,
1148 1787 1278 1831 Gneo
1308 1790 1522 1832 Cornelio

111 1852 350 1896 Aedilibus
384 1852 612 1894 curulibus
640 1852 686 1893 id
708 1852 769 1894 est
788 1851 986 1897 officium
1009 1855 1277 1901 habentibus
1299 1858 1430 1917 super
1450 1876 1523 1902 cu·

111 1926 226 1964 riam
255 1930 300 1963 et
328 1920 541 1963 senatum.
615 1921 731 1963 Nam
759 1922 895 1965 Iulius
931 1923 1091 1966 Caesar
1119 1939 1204 1983 per
1237 1942 1395 1972 omnes
1427 1943 1524 1986 gra·

114 1991 199 2034 dus
232 1991 512 2033 ascendendo
537 1991 805 2048 dignitatum
827 1997 1033 2048 pervenit
1054 1994 1304 2052 ad'imperii
1332 2001 1519 2053 apicem.

88 2058 219 2106 *Non
242 2059 304 2101 est
323 2069 530 2116 peracta,
556 2061 605 2102 id
627 2060 691 2102 est
716 2075 807 2102 non
838 2060 902 2101 est
928 2066 1117 2104 recitata
1138 2072 1231 2106 tota
1255 2063 1331 2106 ista
1352 2065 1520 2107 fabula.

113 2126 189 2170 Bis
216 2127 278 2169 est
299 2127 510 2170 inchoata
532 2133 726 2171 recitari.
785 2129 878 2172 Sed
900 2129 1008 2171 ficut
1026 2131 1115 2188 ipse
1146 2136 1192 2173 in
1223 2133 1415 2191 prologo
1448 2137 1523 2177 de·

115 2195 302 2244 clamat,
333 2212 425 2238 non
455 2202 605 2255 potuit
635 2213 693 2239 ex
725 2207 821 2240 toto
850 2203 1057 2250 recitari,
1086 2205 1295 2254 quoniam
1319 2202 1522 2260 superve-

113 2273 281 2306 nerunt
302 2265 394 2307 ludi
419 2266 716 2322 gladiatorum
738 2276 785 2308 et
815 2267 1067 2308 bestiarum.
1125 2269 1185 2310 Et
1216 2275 1364 2327 coepit
1389 2273 1519 2329 plebs

114 2330 309 2388 vulgaris
342 2343 388 2375 et
419 2334 532 2377 levis
570 2336 819 2378 vociferare
846 2347 892 2376 et
930 2335 1029 2378 illos
1062 2335 1194 2379 ludos
1223 2340 1521 2398 prospectare,

114 2400 414 2456 impeditaque
437 2403 497 2444 est
519 2403 683 2445 fabula.
752 2402 915 2445 Tertia
945 2418 1055 2445 vero
1087 2409 1183 2447 vioe
1213 2415 1307 2449 tota
1333 2414 1520 2452 recitata

117 2465 193 2508 est.
261 2467 409 2512 Prima
441 2477 549 2517 vero
578 2476 675 2514 vice
703 2471 880 2524 quando
907 2473 1123 2528 impedita
1149 2473 1233 2522 est,
1292 2475 1360 2518 isti
1392 2489 1520 2522 erant

117 2535 281 2577 aediles
306 2539 483 2581 curules
504 2553 615 2592 quos
641 2538 765 2594 supra
794 2539 1037 2600 posuimus.
1090 2542 1257 2586 Modos
1286 2555 1433 2588 autem
1457 2549 1520 2590 fe-

118 2607 180 2645 cit
196 2603 380 2647 Flaccus
401 2612 475 2661 qui
495 2606 658 2648 solebat
682 2606 951 2650 clauditibiis
971 2612 1151 2665 paribus
1169 2612 1218 2653 id
1243 2612 1305 2654 est
1327 2614 1517 2657 duabus.
1552 2599 1560 2603 ⁷

117 2671 247 2714 Gneo
277 2671 473 2722 Octavo,
527 2674 640 2715 Tito
671 2675 842 2717 Manli0
877 2677 1147 2721 consulibus.
1218 2680 1424 2738 Repetita
1458 2684 1520 2726 est

114 2745 303 2790 iterum,
334 2742 407 2783 sed
426 2757 517 2786 non
536 2742 598 2785 est
615 2753 797 2800 peracta
814 2745 1163 2802 impedientibus
1183 2748 1303 2792 ludis
1324 2751 1521 2794 funebri-
