1664 3100
134 150 207 199 901
566 182 569 186 ,
671 134 1028 182 ADELPHI.

55 280 111 321 25
127 268 223 318 AE.
251 270 405 336 Frugi
435 268 588 318 homo
616 267 696 316 est.
763 270 848 317 SY.
878 268 1102 318 Reddam
1132 268 1322 329 hercle3
1355 268 1420 319 da
1450 288 1563 320 mo·-

483 337 564 452 ῗο.
621 336 726 461 ἐξ.
762 341 862 402 Age
883 350 1039 403 pater.
1114 338 1202 386 ΜΙ.
1237 339 1351 387 Post
1374 340 1552 388 consu-

127 472 232 520 DE.
261 473 448 521 Facies.
473 422 599 532 232¹)
667 470 756 526 SY.
783 473 826 519 Ο
850 472 925 521 vir
945 485 1165 554 optume.
1200 477 1290 523 AE.
1311 476 1354 522 O
1376 491 1444 522 mi
1463 493 1548 540 pa

484 552 561 587 ter
578 537 876 588 festivissime.

129 582 220 657 ΜΙ.
260 605 395 674 Quid
414 608 575 656 istuc?
625 609 767 672 Quae
789 625 868 656 res
893 620 995 657 tam
1015 622 1221 675 repente
1244 625 1410 657 mores
1443 626 1549 658 mu-

487 675 614 725 tavit
637 680 700 734 ²⁵)
741 675 894 724 tuos?

88 742 280 812 Quod
300 740 626 810 prolubium?
646 748 708 801 25)
759 746 901 808 Quae
926 744 1015 792 ista
1035 743 1197 793 subita
1218 744 1285 793 est
1306 742 1539 809 largitas
1524 747 1547 778 ‘³

483 813 584 859 DE.
616 811 793 859 Dicam
818 810 922 868 tibi,

127 883 200 929 Ut
216 878 270 930 id
291 877 598 928 ostenderem
624 877 766 946 quod
788 891 836 927 te
857 879 932 926 isti
951 878 1146 929 facilem
1165 892 1215 929 et
1235 879 1460 931 festivum
1484 877 1547 941 26)

51 1026 107 1069 30
121 1015 177 1066 Id
197 1033 303 1065 non
333 1013 443 1064 fieri
465 959 675 1130 ἔζευὶἶῖἓ
691 1013 816 1072 vita,
845 1031 1015 1081 neque
1043 1014 1171 1064 adeo
1198 1032 1260 1063 ex
1292 1033 1461 1083 aequo
1483 1022 1545 1079 ²7)

125 1150 223 1202 Sed
242 1169 304 1200 ex
326 1094 623 1199 assentgiadg
617 1099 714 1210 1³22)
748 1147 1059 1215 indulgendo
1088 1162 1140 1199 et
1164 1149 1425 1216 largiendo
1452 1153 1546 1200 Mi-

597 1226 619 1249 2

122 1290 278 1337 Nunc
308 1285 434 1335 adeo
475 1218 607 1334 Eisgb
620 1220 747 1333 9gam
778 1300 882 1332 rem
914 1283 1061 1333 vobis
1092 1301 1207 1333 mea
1247 1286 1355 1336 vita
1389 1286 1546 1336 invisa

480 1351 713 1401 Aeschine
735 1357 795 1411 3⁰)
829 1352 907 1409 est,

121 1423 256 1487 Quia
289 1440 395 1471 non
427 1421 518 1469 ista
539 1421 580 1479 *)
609 1420 791 1468 iniusta
821 1420 1024 1486 prorsus
1047 1420 1217 1469 omnia
1237 1423 1300 1483 3¹)
1332 1421 1540 1470 omnino

121 1558 264 1605 Missa
295 1557 438 1606 facio.
481 1487 770 1612 Οέἱῗυᾳιζίἆῖἷε,
803 1557 864 1613 3²)
899 1553 1061 1613 emite,
1093 1553 1158 1618 53)
1202 1556 1352 1607 facite
1398 1555 1540 1623 quod

475 1622 621 1672 vobis
654 1621 806 1669 luber.

46 1703 100 1746 35
114 1691 211 1743 Sed
230 1690 263 1739 [i
288 1690 341 1739 id
359 1689 511 1767 vultis.
534 1690 706 1754 potius
730 1705 864 1756 quae
892 1705 983 1738 vos
1019 1702 1228 1757 propter
1261 1688 1537 1741 adolescen-

477 1771 601 1806 tiam
1326 1795 1329 1798 ,

177 1915 242 1961 23)
270 1922 404 1947 memet
429 1909 545 1957 ipsum
600 1911 666 1956 24)
690 1909 743 1944 vel
764 1909 872 1944 saciet
934 1910 967 1950 ⁸)
992 1911 1083 1946 edit.
1111 1909 1220 1946 faciet
1239 1914 1394 1957 improb.
1417 1916 1537 1951 Bentl.

224 1972 289 2016 24)
308 1970 481 2003 oDemea
528 1968 592 2012 25)
610 1967 819 2013 prolubium
841 1966 890 2002 est
915 1966 1039 2002 effufio
1060 1966 1220 2002 sordium
1247 1980 1283 2004 et
1305 1971 1453 2017 ponitur
1472 1985 1536 2018 pro

223 2027 389 2072 largitate
435 2027 501 2070 26)
523 2035 662 2071 patrem
708 2026 772 2070 27)
797 2026 920 2059 animo
969 2026 1033 2068 28)
1053 2024 1238 2060 adulando
1285 2029 1350 2072 29)
1370 2041 1391 2061 o
1408 2029 1536 2064 Micio.

220 2085 273 2119 ita
300 2083 385 2117 ideo
410 2093 569 2117 mutatus
596 2081 674 2116 sum
738 2083 804 2128 30)
830 2096 852 2116 o
881 2081 1057 2117 Aeschine
1113 2083 1151 2128 ²')
1184 2084 1276 2119 edic.
1308 2084 1399 2120 iusta
1426 2089 1535 2130 prob.

227 2142 346 2176 Bencl.
427 2139 492 2183 3¹)
534 2151 636 2185 quae,
669 2152 731 2175 vos
786 2139 972 2174 delectant
1042 2142 1101 2181 5²)
1143 2139 1294 2186 prodige
1340 2135 1551 2188 expendite'

222 2201 282 2240 33)
317 2195 537 2232 meretrices.

117 2389 300 2437 gationem
322 2386 390 2423 effe
412 2388 568 2422 floccum
596 2387 787 2424 ostenden·
860 2400 1024 2433 promtus
1052 2387 1194 2422 animus
1226 2387 1271 2422 ad
1291 2389 1533 2436 largiendum.

115 2447 163 2481 tis
200 2455 262 2480 aut
292 2444 364 2480 tale
396 2445 485 2492 quid
517 2458 548 2480 v.
583 2445 704 2481 Bentl.
738 2446 785 2480 ad
861 2447 968 2481 Hanc
994 2444 1201 2492 scripturam
1233 2444 1389 2493 sequitur
1408 2450 1533 2484 Dona·

114 2501 155 2537 h.
179 2502 204 2536 l.
861 2514 919 2539 tus
939 2503 1199 2549 confirmatque
1218 2503 1335 2538 Bentl.

161 2567 218 2600 28.
246 2558 354 2603 Quod
371 2559 609 2604 proluvium]
658 2570 679 2592 a
696 2573 785 2603 pro·
907 2568 964 2603 33.
999 2562 1127 2595 omnia
1146 2560 1344 2607 obsequor]
1392 2559 1531 2595 Eadem

113 2619 179 2653 luo
200 2615 411 2661 interpretes
432 2615 616 2662 explicant
636 2613 784 2649 effusam
862 2615 1129 2653 constructione
1169 2616 1209 2651 in
1246 2616 1396 2652 Phorm.
1428 2619 1457 2653 1.
1492 2629 1527 2653 2.

113 2670 329 2716 largitatem.
386 2671 457 2706 Sed
484 2671 638 2719 praestat
665 2671 784 2717 legere
860 2685 918 2720 29.

109 2728 327 2775 prolubium
371 2739 392 2762 a
432 2729 638 2774 prolabere.
678 2729 704 2768 i.
750 2740 782 2763 e.
