1664 3100
169 85 242 196 aa
621 142 625 144 -
695 123 1047 201 pDELPm.

128 251 269 305 5Ubi
299 272 392 323 ego
431 254 571 307 illum
597 260 657 317 72)
712 260 988 324 quaeram?
1037 253 1197 306 Credo
1227 254 1508 326 abductum
1537 260 1592 332 in

529 343 756 392 ganeum.
782 326 845 383 73)
866 329 903 386 ²⁸)
1353 353 1355 355 >

173 389 361 459 Aliquo
384 396 444 455 74)
473 392 710 461 persuasit
740 391 823 441 ille
847 393 1082 458 impurus
1104 396 1163 450 75)
1198 393 1269 442 sat
1290 393 1402 443 scio.

174 457 272 509 Sed
306 478 482 510 eccum
507 461 688 526 Syrum
711 461 782 508 ire
804 460 974 518 video,
1010 459 1129 510 hinc
1148 460 1281 509 scibo
1302 459 1362 522 76)
1395 459 1485 510 ubi
1505 459 1594 511 fiet

173 533 343 593 Atque
362 527 635 594 hercleJhic
656 529 716 577 de
736 546 882 595 grege
901 528 988 579 illo
1012 531 1075 588 77)
1109 529 1188 578 est.
1254 530 1306 580 Si
1338 547 1417 578 me
1446 529 1595 579 sense-

531 611 599 645 rit

175 664 300 710 Eum
325 665 630 730 quaeritare,
665 682 928 731 nunquam
955 662 1088 714 dicet
1110 664 1343 714 carnifex.

105 750 155 778 10
169 731 292 780 Non
337 733 593 781 ostendam
648 731 702 779 id
743 749 821 780 me
864 731 1006 782 velle.
1107 734 1239 782 SYR.
1275 731 1340 796 78)
1385 735 1598 786 Omnem

534 818 638 849 rem
652 804 712 860 79)
749 799 904 849 modo
930 801 1030 848 seni
1054 804 1115 860 8⁰)
1575 812 1579 814 ’

175 868 293 931 Quo
315 881 467 933 pacto
490 866 699 917 haberet
718 885 1012 917 enarramus
1035 872 1096 925 8¹)
1131 867 1320 918 ordine.
1573 923 1577 926 ,

177 934 318 1000 Nihil
344 936 446 985 vidi
478 937 755 1003 quicquam
784 935 979 984 laetius.
1047 939 1207 984 DEM.
1242 936 1340 986 Pro
1370 938 1599 1003 Iuppiter

176 1003 412 1052 Hominis
443 1009 503 1064 8²)
560 1002 831 1052 stultitiam.
898 1006 1027 1053 SYR.
1062 1003 1397 1054 Conlaudavit
1424 1003 1598 1055 filium.

178 1069 309 1118 Mihi
333 1073 423 1139 qui
443 1072 493 1120 id
514 1070 742 1120 dedissem
764 1069 1051 1129 confilium,
1083 1073 1184 1138 egit
1203 1074 1392 1137 gratias

106 1137 329 1188 1⁵DEM.
361 1140 678 1205 Disrumpor.
700 1143 762 1202 83)
831 1142 922 1189 SY.
951 1139 1229 1206 Argentum
1246 1141 1602 1193 annumeravit

535 1206 667 1256 ilico.

176 1273 333 1324 Dedit
362 1287 623 1343 praeterea
651 1274 979 1340 insumptum,
1013 1276 1079 1335 84)
1115 1275 1156 1337 *)
1213 1273 1481 1327 dimidium
1512 1277 1599 1328 mi-

537 1359 655 1400 nae3

174 1408 229 1458 ld
251 1409 569 1460 distributum
591 1410 704 1458 sane
726 1410 794 1459 est
813 1428 875 1459 ex
895 1410 1148 1459 sententia.
1169 1415 1232 1473 85)
1302 1413 1405 1461 DE.
1425 1411 1566 1465 Hem.

172 1479 310 1529 Huic
334 1476 395 1540 86)
429 1477 639 1527 mandes
661 1476 696 1526 fi
720 1478 847 1544 quid
867 1491 1260 1529 rectecuratum
1282 1478 1419 1531 velis.

238 1611 304 1656 72)
324 1608 585 1657 Ctesiphonem
610 1614 669 1656 73)
690 1609 846 1657 lupanar
890 1609 926 1655 ⁴¹)
936 1610 1028 1646 edit.
1047 1611 1203 1659 (lifting.
1226 1614 1309 1658 post
1328 1610 1452 1659 dique
1478 1612 1543 1659 74)
1562 1612 1603 1648 in

285 1667 445 1714 aliquam
473 1677 612 1713 partem
670 1667 734 1712 75)
761 1665 960 1701 Aeschinus
1018 1669 1076 1712 76)
1106 1667 1338 1714 interrogabo
1393 1669 1459 1715 77)
1481 1679 1608 1717 rapto·>

282 1736 365 1759 rum
413 1726 471 1768 78)
500 1724 660 1758 Omnem
680 1735 755 1757 rem
774 1735 882 1770 quam
903 1723 1064 1759 fecerant
1079 1723 1279 1760 Aeschinua
1306 1734 1342 1760 et
1357 1723 1463 1771 Syrus
1488 1725 1526 1760 in
1547 1738 1603 1761 ra-
1631 1760 1635 1765 ,

282 1791 369 1827 ptu,
414 1790 648 1814 narraverunt
694 1779 854 1814 Micioni
889 1792 925 1815 et
967 1780 1048 1828 post
1086 1781 1307 1829 loquebatur
1344 1779 1465 1817 secum
1494 1783 1602 1830 Syrna

287 1837 351 1883 79)
375 1835 421 1870 de
441 1847 547 1884 raptu
566 1835 727 1871 mulieris
774 1840 836 1878 8⁰)
861 1837 1020 1872 Micioni
1067 1842 1127 1880 8ι)
1153 1838 1396 1874 enarravimus
1443 1841 1509 1886 82)
1531 1831 1602 1876 fra-¹

288 1893 351 1928 tris
380 1893 451 1927 mei
473 1893 535 1940 qui
554 1893 599 1928 de
618 1892 690 1927 hoc
716 1893 853 1938 gavisus
886 1893 936 1929 est
998 1895 1064 1940 83)
1091 1895 1306 1943 dirrumpor.
1334 1894 1389 1930 vel
1409 1894 1602 1944 irrumpor.

282 1949 473 1985 iracundia
520 1954 579 1994 84)
605 1949 795 1997 expensam
839 1951 874 1996 ⁶)
889 1952 982 1987 edit.
1002 1951 1169 1998 divifim.
1190 1952 1230 1988 in
1246 1950 1431 2003 sumptum
1473 1955 1540 2004 85)
1558 1968 1604 1995 ex

282 2006 468 2043 voluntate
487 2006 608 2044 nostra
671 2007 735 2054 86)
762 2006 861 2042 fratri
881 2020 979 2044 meo.

181 2201 242 2249 qui
261 2201 353 2248 frugi
377 2202 446 2243 est,
474 2203 534 2251 qui
556 2202 692 2251 probru
723 2213 758 2239 et
782 2203 852 2239 uti·
977 2205 1031 2241 ¹6.
1074 2206 1190 2243 dedie'
1207 2210 1249 2244 ίη
1265 2209 1455 2261 sumtum]
1511 2209 1536 2248 i.
1565 2224 1600 2258 ⁰·.
1658 2252 1664 2263 ¹

178 2259 224 2293 lis
259 2258 318 2295 est.
382 2260 442 2294 Sic
470 2272 592 2295 contra
622 2262 765 2298 nullius
793 2263 852 2299 rei
927 2262 1027 2298 unde
1069 2262 1225 2298 sumtum
1268 2264 1489 2307 faceremus,
1530 2279 1597 2315 pro

180 2312 249 2349 asse
269 2327 332 2362 pro
353 2316 518 2351 inutilem
541 2315 621 2351 effe.
929 2333 1002 2367 quo
1022 2319 1114 2355 dixit
1133 2321 1170 2354 in
1188 2321 1318 2358 Heaut.
1336 2323 1383 2357 V.
1398 2327 1600 2371 1.57.fi1p·

228 2383 281 2405 Η.
308 2387 378 2418 quo
399 2378 563 2419 paetose
583 2374 746 2420 haberet]
772 2375 851 2409 Fre·
926 2378 1097 2422 pedicare
1104 2379 1314 2424 sumptibus
1345 2378 1425 2413 Cic.
1439 2379 1495 2414 ,ad
1514 2380 1599 2421 Div.

180 2439 293 2475 quens
331 2427 379 2463 est
397 2430 458 2474 fic
487 2434 527 2477 se
555 2446 614 2468 ree
643 2431 753 2468 habet
789 2431 851 2466 led
925 2433 989 2468 lx.
1010 2445 1066 2467 20.
1091 2445 1172 2469 eum
1200 2437 1241 2470 in
1260 2439 1408 2481 sumtus
1436 2435 1597 2472 habebas
1660 2435 1664 2438 ’

176 2496 254 2519 non
281 2483 401 2519 minus
432 2497 527 2521 recte
558 2486 691 2522 dicitur
707 2489 769 2533 sic
789 2502 849 2524 res
924 2489 988 2524 nbi
1009 2502 1039 2526 v.
1057 2490 1200 2526 Manut.
1229 2490 1273 2525 ad
1304 2491 1412 2527 Attio.
1442 2493 1542 2527 vm.
1561 2500 1596 2536 5.

178 2540 286 2576 habet
309 2540 387 2575 Liv.
408 2543 522 2577 XXII.
543 2551 600 2590 39.
624 2544 684 2579 ubi
705 2557 736 2579 v.
757 2545 850 2579 Dra·
924 2547 1009 2582 Sen.
1032 2546 1078 2581 de
1102 2546 1260 2582 Benefic.
1279 2549 1327 2584 11.
1353 2560 1405 2583 ιο.
1433 2548 1496 2583 ubi
1523 2548 1599 2586 hoe

177 2596 291 2631 kenb.
358 2642 364 2649 .
705 2597 710 2603 '
924 2603 1102 2651 loquendi
1131 2616 1243 2650 genus
1270 2604 1410 2652 egregie
1439 2604 1602 2659 explieat·

227 2661 280 2696 ¹5·
306 2654 538 2698 disrumpor]
587 2655 724 2692 scilicet
748 2655 850 2694 dolo·
924 2660 1148 2701 ,Gronovius-
1601 2663 1606 2666 ⁴

178 2721 230 2744 re.
279 2709 358 2749 Cic.
382 2711 428 2746 ad
445 2712 555 2749 Anxie.
574 2713 654 2750 Vll.
678 2724 732 2752 η.
804 2735 811 2738 -
896 2707 901 2708 ⁷
