1664 3100
162 117 247 170 4z
698 96 1101 160 ADELPHI'

164 242 481 310 DEMS'y1e
502 244 564 303 ²9)
598 258 1046 312 praeceptorump
1049 244 1196 296 lenus
1217 247 1284 296 est
1306 246 1509 296 istorum
1527 246 1579 297 il

519 311 576 360 le.
599 317 658 373 3⁰)
727 315 854 361 SYR.
880 313 999 379 Phy
1019 317 1079 375 3¹)

160 381 317 430 Domi
346 379 535 496 habuitl
559 384 619 441 32)
667 379 803 430 unde
834 380 1049 431 disceret.
1139 381 1415 444 DEM.,Fit
1445 380 1580 432 sedu-

519 447 586 504 10,v
613 453 673 509 33)

89 525 141 567 60
157 514 300 566 Nihil
329 514 370 579 *)
406 518 766 582 praetermitto
839 517 1186 576 Consuefacio,
1222 516 1443 582 denique

155 585 397 651 Inspicere
421 589 480 644 34)
518 598 777 652 tamquam
797 586 846 633 in
868 584 1120 651 speculum
1143 587 1272 634 vitas
1289 590 1329 642 *)
1352 585 1581 635 omnium

95 698 98 701 ,
156 652 313 701 Iubeo
340 667 495 720 atque
519 670 581 701 ex
605 653 715 703 aliis
737 654 926 702 sumere
951 651 1235 721 exemplum
1266 651 1377 711 fibi;
1482 707 1484 709 ,

156 721 272 770 Hoc
293 720 455 771 facito.
478 725 538 782 35)
585 724 737 771 SYR.
770 723 921 770 Recte
942 723 1066 771 saue.
1139 724 1296 770 DEM.
1330 720 1431 771 hoc
1458 721 1581 789 fugi-

513 802 581 839 to.
649 791 779 839 SYR.
820 789 1019 838 Callide.

153 858 310 905 DEM.
333 860 448 907 Hoc
467 856 606 906 laudi
629 858 705 906 est.
740 857 868 906 SYR.
898 859 1047 908 Istaec
1065 875 1145 907 res
1166 857 1244 907 est.
1290 856 1442 906 DEM.
1465 861 1581 908 Hoc

513 926 636 975 vitio
660 924 820 975 datur.
849 925 911 983 36)

85 1001 138 1043 65
153 994 283 1069 SYR.
303 991 622 1042 Probissume.
642 997 702 1054 37)
755 996 911 1041 DEM.
932 997 1088 1042 Porro
1109 993 1173 1051 38)
1203 1006 1385 1042 autem.
1445 994 1579 1044 SYR.

512 1063 633 1111 Non
660 1060 827 1110 hercle
857 1064 1017 1110 otium
1051 1061 1121 1108 est
1191 1096 1193 1099 .

151 1131 200 1178 N
209 1146 306 1178 unc
326 1127 448 1177 mihi
469 1129 797 1178 auscultandi.
863 1131 1023 1178 Pisces
1046 1146 1108 1176 ex
1131 1129 1373 1178 sententia
1393 1133 1472 1190 39)

152 1199 352 1246 Nactus
375 1198 491 1245 sum.
523 1196 575 1246 hi
596 1197 718 1247 mihi
738 1215 802 1246 ne
826 1210 1222 1263 corrumpantur
1242 1197 1414 1246 cautio
1429 1197 1497 1246 est
1514 1198 1576 1258 ⁴⁰)

149 1266 282 1314 Nam
320 1265 373 1313 id
411 1264 476 1327 4¹)
526 1265 677 1314 nobis
713 1279 817 1315 tam
861 1264 1109 1331 flagitium
1151 1266 1241 1323 est,
1298 1282 1455 1331 quam
1489 1264 1578 1316 illa

511 1336 707 1382 Demea

155 1402 275 1450 Non
295 1401 459 1450 facere
481 1401 627 1451 vobis
650 1419 782 1469 quae
806 1400 958 1450 modo
986 1399 1134 1458 dixti,
1169 1413 1220 1448 et
1239 1399 1380 1468 quod
1405 1418 1566 1468 queo

78 1491 132 1530 70
148 1470 407 1518 Conservis
434 1469 499 1518 ad
518 1469 737 1519 eundem
758 1471 919 1519 istunc
940 1468 1199 1535 praecipio
1220 1467 1440 1517 modum.

149 1540 265 1586 Hoc
286 1536 459 1586 salsum
495 1539 585 1594 el',t
619 1537 718 1586 hoc
749 1537 980 1586 adustum
1012 1537 1100 1594 est,
1148 1535 1248 1586 hoc
1276 1534 1474 1585 lautum
1509 1538 1600 1588 est,

505 1622 701 1673 parum.

207 1761 274 1808 29)
302 1772 323 1795 o
362 1758 447 1805 Syre
517 1763 579 1802 30)
616 1759 714 1794 filius
747 1770 850 1793 meua
923 1760 988 1805 ει)
1028 1757 1231 1793 interiectio
1301 1758 1366 1804 32)
1391 1758 1431 1794 id
1459 1762 1573 1798 est'te

253 1818 317 1863 33)
344 1815 495 1851 docetur
514 1828 535 1849 a
554 1828 613 1849 me
659 1816 695 1862 *)
719 1817 811 1852 edit.
833 1815 884 1850 nil
934 1817 999 1862 34)
1027 1814 1213 1861 providere
1233 1813 1300 1849 fibi
1358 1816 1397 1862 ‘)
1421 1820 1512 1856 edic.
1533 1821 1572 1856 in

250 1874 341 1908 vitas
389 1873 454 1916 35)
482 1870 566 1906 dico
595 1872 650 1906 illi
708 1873 773 1919 36)
797 1886 863 1919 pro
883 1872 971 1907 vitio
992 1872 1193 1920 imputatur
1248 1873 1313 1920 37)
1335 1873 1573 1920 probabiliter

249 1929 315 1975 33)
351 1928 496 1963 volebat
529 1927 651 1963 adhuc
692 1929 812 1964 dicere
874 1933 934 1975 39)
970 1942 1014 1964 ex
1044 1940 1130 1966 voto
1188 1929 1257 1976 40)
1291 1930 1493 1968 cavendum
1521 1933 1572 1970 est

249 1989 309 2031 4¹)
337 1997 459 2020 cavere
491 1998 537 2021 ne
561 1985 676 2032 pilcen
706 1997 997 2034 corrumpantur.

189 2143 246 2181 59.
282 2133 386 2171 domi
411 2135 540 2171 habuit
573 2135 671 2171 unde
708 2136 819 2178 disce·
894 2136 1073 2180 inspicere
1109 2147 1287 2184 tanquam
1315 2138 1362 2172 in'
1379 2136 1570 2182 speculum

143 2193 224 2236 ret]
273 2192 354 2226 Hoc
374 2191 603 2238 proverbium
625 2191 671 2227 de
700 2192 744 2226 iis
766 2193 820 2226 di·
894 2196 1000 2229 vitas
1025 2196 1208 2233 omnium,
1238 2205 1347 2240 quam
1372 2192 1569 2228 lectionem

145 2250 256 2287 citur,
283 2249 344 2295 qui
365 2262 439 2284 non
460 2259 636 2295 coguntur
664 2248 708 2284 ab
737 2249 818 2284 aliis
894 2251 1125 2285 Burmannus
1147 2249 1194 2284 ad
1213 2251 1425 2293 Petron.84-
1439 2257 1568 2297 p.538.

143 2306 292 2342 sumere.
339 2306 454 2341 Plaut.
484 2307 521 2340 in
546 2305 696 2341 Trucul.
717 2308 761 2341 11.
783 2315 818 2350 5.
897 2306 1103 2341 confirmari
1133 2315 1238 2354 putat
1265 2305 1346 2340 loco
1378 2306 1577 2342 Ciceroni·-

142 2372 177 2411 4.
212 2364 290 2399 Cic.
314 2362 358 2397 ad
380 2363 544 2397 Div.1X.
571 2371 603 2405 3.
623 2375 655 2397 v.
673 2363 822 2398 Savaro-
897 2364 935 2398 in
962 2362 1081 2398 Pison.
1111 2376 1142 2398 e.
1172 2376 1226 2410 29.
1284 2362 1357 2397 Sed
1381 2363 1568 2411 utriusque

142 2427 229 2458 nem
247 2420 293 2454 ad
320 2419 513 2454 Sidonium
535 2419 655 2467 Apoll.
681 2434 717 2467 p.
737 2427 819 2464 45¹.
897 2420 971 2455 loci
991 2420 1126 2455 diversa
1155 2420 1248 2455 ratio
1273 2419 1342 2459 est,
1370 2433 1417 2454 ne
1446 2420 1567 2456 dicam

186 2478 244 2513 61.
272 2479 451 2522 Inspicere
473 2488 654 2522 tanquam
673 2481 714 2513 in
733 2481 818 2524 spe·
895 2476 1092 2511 lectionem
1135 2479 1177 2512 in
1218 2479 1324 2512 vicus
1362 2476 1566 2523 planiffime

141 2538 263 2571 culum
294 2537 334 2569 in
373 2536 478 2569 vitas
507 2535 692 2580 omnium]
758 2535 819 2570 Sic
896 2533 1101 2569 confirmari
1119 2545 1152 2567 v.
1175 2538 1231 2577 74.

140 2593 272 2636 legitur
290 2591 327 2624 in
348 2590 473 2625 codice
501 2591 682 2625 Bembino
702 2592 819 2626 omni·
940 2604 996 2636 7¹.
1033 2592 1205 2633 lautum]
1261 2588 1402 2624 lautum
1432 2589 1566 2627 dicitur

140 2662 202 2683 um
223 2648 411 2682 veterrimo
433 2657 468 2681 et
491 2646 537 2681 fic
567 2647 685 2682 edidit
709 2649 818 2683 Bent-
895 2648 941 2683 de
967 2647 1058 2683 eibi·
1087 2657 1123 2682 et
1148 2646 1267 2686 cenis.
1310 2659 1399 2694 qun
1427 2660 1566 2696 coquus

140 2704 203 2741 lei.
242 2704 417 2751 vulgares
461 2703 642 2740 editiones
677 2704 817 2740 habent
895 2716 969 2742 arto
1006 2715 1042 2741 et
1080 2705 1262 2751 eleganter
1301 2705 1499 2752 apparavit.
1531 2716 1565 2739 v.
