1708 3106
120 142 255 210 ιδεμ
595 205 599 208 ,
675 137 987 189 HECYRA-

27 312 30 315 .
48 283 104 325 25
119 273 397 342 Confugere
415 269 478 337 68)
516 271 840 323 anhelantem
861 274 1081 333 domum,
1116 272 1218 324 fine
1239 273 1459 335 comite,
1483 275 1550 327 vis

480 342 535 390 ni
556 340 780 408 plenum,

122 413 249 461 Cum
271 409 371 462 hoc
394 361 590 463 anulo.p
602 411 854 460 Extimui
873 409 1003 460 ilico.
1054 411 1131 460 Mi
1157 408 1221 472 69)
1284 408 1548 479 Pamphile

479 480 691 546 inquam
721 479 903 528 amabo
923 484 986 541 7⁰)

123 546 260 615 Quid
291 548 703 600 esexanimatus
733 546 972 597 obsecro?
1042 551 1145 598 Aut
1172 546 1311 597 unde
1340 545 1568 602 anulum,

480 616 624 676 istum
657 619 873 666 nactus?
1445 614 1448 617 ’

122 683 224 734 Dic
255 682 391 733 mihi.
469 682 558 732 Ille
589 682 714 732 alias
746 701 829 733 res
860 701 1020 750 agere,
1050 681 1096 745 ⁴¹³)
1138 684 1184 734 se
1216 681 1457 733 fimulare.
1488 687 1555 745 7¹)

481 753 750 818 Postquam
772 753 810 813 *)
844 752 994 802 video

119 820 306 871 Nescio
338 818 462 889 quid
495 819 795 887 suspicarier,
822 822 888 882 **)
932 820 1091 888 magis
1120 820 1266 887 coepi
1284 819 1465 869 instare
1491 830 1552 869 ut

484 887 621 938 dicat
640 890 703 947 72)
723 890 762 949 *)

50 964 105 1009 30
122 958 318 1013 Hom03
354 959 415 1017 73)
468 957 515 1005 se
547 954 736 1005 fatetur
766 956 817 1006 vi
847 956 901 1004 in
928 957 1013 1008 via
1038 956 1206 1007 nescio
1235 973 1390 1024 quam
1421 972 1555 1007 com·

483 1023 705 1091 presfisse,

125 1093 372 1159 Dicitque
395 1093 440 1143 se
463 1093 508 1141 se
527 1090 598 1140 illi
623 1091 867 1141 annulum
894 1089 1013 1141 dum
1035 1090 1200 1143 luetat
1224 1090 1498 1150 detraxisse,

53 1202 56 1208 .
124 1163 251 1209 Eum
278 1164 337 1222 74)
370 1156 497 1210 haec
523 1162 764 1226 cognovit
783 1160 1047 1232 Myrrina
1033 1178 1087 1209 111
1111 1159 1268 1227 digito
1299 1159 1451 1209 modo
1471 1177 1555 1209 me

485 1227 767 1277 habentem.

123 1297 287 1364 Rogat
307 1294 444 1347 unde
466 1294 546 1354 fit,
555 1313 706 1345 narro
735 1300 796 1357 75)
832 1296 1003 1345 omnia
1025 1293 1194 1345 haec.
1228 1293 1348 1345 Inde
1372 1295 1442 1345 est
1473 1312 1557 1346 co-

486 1365 647 1430 gnitio
672 1365 807 1414 facta

122 1431 472 1482 Philumenam
497 1432 589 1480 esse
602 1431 937 1499 compressam
961 1430 1025 1480 ab
1051 1448 1113 1481 eo
1136 1428 1197 1494 76)
1234 1444 1284 1481 et
1303 1428 1497 1481 filium
1481 1447 1557 1480 m·

488 1499 549 1549 de
572 1499 710 1550 hunc
733 1514 922 1549 natum.

55 1577 112 1621 35
125 1571 269 1618 Haec
286 1582 364 1618 tot
382 1581 590 1635 propter
617 1586 696 1617 me
721 1568 908 1633 gaudia
937 1566 1010 1616 illi
1034 1568 1290 1634 contigisse
1313 1566 1490 1617 laetor.

123 1635 219 1686 Etsi
247 1636 348 1686 hoc
378 1637 668 1686 meretrices
706 1635 833 1684 aliae
864 1634 1075 1695 nolunt;
1119 1653 1288 1704 neque
1321 1639 1363 1698 *)
1404 1636 1558 1689 estin

487 1721 592 1753 rem
614 1704 844 1762 nostram,

130 1776 204 1823 Ut
235 1773 514 1842 quisquam
542 1785 740 1887 axlnator
767 1772 963 1839 nuptiis
997 1772 1061 1832 77)
1104 1769 1334 1821 laetetur.
1379 1789 1556 1824 verum

486 1855 576 1889 eca
598 1852 679 1890 tor

186 1951 253 1998 63)
280 1961 345 1998 pro
365 1947 565 1995 confugiffe
611 1948 677 1996 69)
697 1961 719 1983 ο
738 1949 788 1984 mi
836 1950 894 1995 7ο)
927 1946 1154 1983 blandientis
1208 1945 1238 1988 ⁴¹)
1263 1949 1355 1986 edit.
1375 1960 1415 1986 et
1435 1950 1559 1987 Bentl.

236 2023 311 2044 non
328 2008 485 2054 disting.
534 2010 590 2051 71)
616 2019 682 2053 pro
702 2005 894 2042 fimulabat
939 2006 969 2047 ⁴¹²)
989 2006 1080 2042 edic.
1102 2006 1195 2042 add.
1208 2004 1247 2039 id
1266 2017 1303 2042 ee
1320 2000 1562 2056 {inter-pungit

234 2069 317 2111 post
346 2063 452 2099 video
471 2063 704 2108 improbante
725 2065 848 2100 Bencl.
896 2063 943 2105 W)
965 2064 1058 2099 edit.
1078 2076 1155 2099 non
1173 2064 1326 2110 disting.
1353 2065 1436 2109 pol}
1465 2064 1561 2114 [usp.

227 2123 297 2167 sed
313 2123 396 2169 post
418 2119 543 2166 coepi,
570 2121 725 2165 impr-ob-
752 2121 874 2157 Bentl.
923 2119 988 2166 72)
1014 2118 1091 2161 vel;
1139 2119 1172 2160 *)
1195 2121 1286 2156 edit.
1305 2132 1342 2156 et
1363 2122 1483 2157 Benel.
1505 2123 1562 2158 da·-

228 2182 348 2227 scing.
381 2179 440 2215 hic
512 2179 570 2224 73)
602 2175 817 2224 Pamphilus
886 2176 922 2224 ⁴¹)
965 2178 1057 2215 edic.
1085 2188 1122 2213 ec
1153 2177 1274 2213 Bentl.
1304 2190 1379 2213 non
1403 2179 1561 2225 ᾰιζΙὶίης.

237 2244 282 2282 73
295 2236 336 2283 a)
361 2235 574 2282 Pamphilus
621 2238 680 2281 74)
706 2232 855 2270 anulum
904 2233 967 2281 75)
991 2233 1046 2268 vel
1074 2243 1195 2268 narrat
1241 2233 1300 2277 76)
1320 2233 1444 2271 anulo.
1473 2237 1563 2272 Con-

236 2297 355 2330 nectit
373 2295 558 2341 glossator
579 2290 690 2326 abeo
710 2305 792 2327 cum
813 2289 949 2336 cognit.
969 2288 1064 2327 facta
1082 2289 1133 2327 est
1177 2289 1217 2336 *)
1239 2290 1332 2327 edic.
1348 2292 1441 2329 add.
1459 2293 1561 2331 enim

237 2351 342 2397 prob.
365 2351 486 2387 Bentl·
537 2352 595 2396 77)
624 2347 670 2385 de
695 2347 834 2397 nuptiis
864 2346 979 2383 illius.

179 2461 236 2498 27.
263 2465 302 2489 es
329 2452 594 2499 exanimatus]
645 2451 671 2487 i.
697 2465 729 2486 e.
748 2464 810 2488 an·
886 2441 1108 2498 lciffitudz'ne
1141 2451 1383 2489 exanimatos
1424 2451 1490 2490 ubi
1515 2458 1558 2495 (v.

131 2505 255 2548 helas,
295 2520 501 2546 commotus
531 2522 587 2549 es,
621 2519 663 2544 ut
681 2509 739 2543 vix
757 2522 810 2544 re·
885 2505 1008 2545 Davis.
1548 2555 1551 2558 .

130 2563 263 2611 spirare
286 2565 408 2612 posfis.
468 2569 608 2604 Anima
630 2565 733 2613 saepe
755 2566 809 2601 di·
931 2574 990 2610 δι.
1013 2566 1161 2608 luccae]
1188 2563 1338 2611 antique
1358 2577 1424 2612 pro
1442 2568 1564 2603 lueta-

132 2621 225 2656 citur
254 2622 455 2661 anhelitus.
485 2637 516 2660 v.
546 2634 624 2660 not.
663 2623 711 2659 ad
738 2623 807 2670 Ad,
885 2635 961 2661 tur.
1007 2622 1068 2658 Sic
1095 2621 1183 2656 alibi
1209 2623 1352 2659 relucco
1379 2636 1446 2672 pro
1463 2626 1563 2662 relu-

130 2680 194 2714 111.
218 2691 253 2714 2.
297 2693 354 2716 20.
398 2681 436 2715 in
480 2681 594 2717 Andr,
631 2682 661 2716 1.
699 2686 734 2724 4.
774 2694 807 2726 7.
885 2695 978 2717 otor.
1007 2693 1038 2717 v.
1059 2678 1140 2715 niv.
1161 2677 1208 2715 ad
1227 2677 1266 2715 h,
1287 2679 1312 2715 l.
1334 2690 1369 2718 et
1389 2679 1490 2725 Vosn-
1513 2679 1563 2726 d·

131 2734 235 2773 Caes.
265 2735 311 2773 de
341 2738 384 2773 B.
406 2737 455 2773 G.
482 2738 529 2774 11.
549 2745 607 2783 23.
634 2742 739 2787 cursu
763 2751 810 2776 ae
885 2737 1030 2784 analog-
1047 2737 1111 2776 111.
1129 2748 1162 2783 7.
