1664 3100
585 146 725 192 Αοτ.
758 147 790 192 Ι.
877 146 1052 195 Scau.
1085 147 1136 195 11.
1475 162 1571 211 ιο]

79 291 136 338 4ο
153 277 390 337 Amabat,
420 292 480 328 ut
499 295 613 327 cum
637 277 852 326 maxime
875 283 962 340 ²¹¹)
996 291 1104 327 tum
1129 277 1437 344 Pamphilus,

155 350 277 395 Cum
301 360 447 413 pater
462 363 670 394 uxorem
690 359 749 393 ut
767 344 924 395 ducat
955 363 1101 395 orare
1132 348 1334 414 occipit,

149 418 210 462 Et
230 413 357 469 haec
378 413 666 463 communia
688 414 916 462 omnium
936 431 1069 480 quae
1089 417 1199 465 [unt
1220 428 1435 480 patrum,

150 484 214 531 Se
234 482 396 531 senem
417 481 510 530 esse
534 479 710 537 dicere,
725 482 788 541 ²²)
819 480 963 530 illum
976 486 1038 544 ²3)
1073 497 1244 531 autem
1266 483 1360 532 esse
1381 481 1428 547 ³)
1465 486 1570 533 uni-

165 585 170 590 .
506 566 644 605 cum,

149 613 448 665 Praesidium
466 614 594 665 velle
618 617 682 676 ²4)
723 617 771 665 se
798 616 1040 666 senectuti
1070 617 1198 665 suae.

75 681 232 744 45llle
255 686 321 745 ²5)
351 685 517 750 primo
543 684 588 732 se
613 699 807 750 negare.
824 682 886 745 ²6)
950 683 1049 734 Sed
1070 686 1336 752 postquam
1365 685 1534 736 acrius

146 754 296 802 Pater
313 754 482 811 instat,
521 751 642 800 facit
663 752 839 809 animi,
873 765 934 800 ut
954 753 1182 802 incertus
1205 753 1346 810 foret,
1367 757 1428 812 ²7)

115 864 117 866 ,
143 820 367 870 Pudorin
387 825 449 880 ²8)
481 837 612 868 anne
633 821 795 869 amori
817 824 879 880 ²9)
910 818 1025 869 obse
1067 833 1272 869 ueretur
1294 821 1465 886 magis.

143 887 434 938 Tundendo
469 892 544 949 3⁰)
587 900 745 954 atque
780 887 899 938 odio
932 892 995 950 δ’)
1079 889 1267 955 enique
1307 888 1473 938 effecit
1500 890 1567 938 se·

223 992 226 994 -
500 973 609 1005 nex.
634 959 697 1015 3²)

143 1023 421 1091 Despondit
442 1025 488 1073 ei
509 1037 712 1090 gnatam
742 1022 897 1072 huius
926 1023 1078 1072 vicini
1099 1023 1352 1090 proxumi.

71 1097 314 1161 50Usque
334 1094 400 1152 33)
434 1091 562 1141 illud
586 1091 742 1140 visum
774 1092 843 1140 est
862 1090 1151 1160 Pamphilo,
1183 1092 1479 1159 neutiquam
1503 1093 1566 1156 3⁴)

499 1176 652 1224 grave

143 1229 323 1276 Donec
349 1228 452 1275 iam
478 1227 531 1274 in
565 1224 681 1291 ipfis
710 1243 780 1274 nu
822 1226 903 1275 tiis
926 1227 1195 1293 postquam
1223 1224 1363 1276 videt

140 1297 372 1352 Paratas‚
405 1311 499 1342 nec
519 1309 712 1341 moram
735 1311 767 1341 u
808 1310 889 1340 am
908 1295 1037 1359 quin
1060 1293 1216 1342 ducat
1239 1292 1358 1340 dari.

143 1360 219 1410 Ibi
243 1360 443 1409 demum
460 1361 531 1408 ita
553 1377 699 1424 aegre
722 1359 841 1407 tulit
859 1366 920 1420 35)
953 1375 1012 1408 ut
1038 1361 1190 1425 ipsam
1217 1358 1493 1408 Bachidem

142 1430 197 1479 Si
225 1427 407 1482 adesset
428 1426 580 1478 credo
603 1426 676 1475 ibi
695 1427 804 1476 eius
827 1424 890 1490 3⁶)
924 1428 1380 1476 commiseresceret.
1403 1434 1465 1490 37)

201 1596 293 1635 81⁸)
333 1593 423 1629 ficut
466 1592 665 1641 aquuendo
710 1594 907 1642 praecipue
975 1595 1007 1636 ⁶)
1048 1595 1142 1631 edit.
1176 1592 1246 1628 [ese
1325 1598 1385 1635 υ)
1428 1596 1563 1642 occipit

247 1654 308 1693 23)
341 1649 573 1696 Pamphilum
646 1651 682 1696 ⁴¹)
714 1652 807 1690 edic.
847 1655 971 1689 omitt.
1007 1650 1079 1686 elle
1113 1652 1269 1695 improb.
1298 1653 1422 1690 Bentl.
1503 1660 1563 1697 24)

246 1706 382 1742 habere
409 1707 513 1742 illum
558 1711 619 1750 25)
642 1708 856 1755 Punphilus
901 1710 963 1749 26)
988 1706 1146 1754 negabss
1197 1712 1257 1752 27)
1282 1719 1322 1744 ut
1353 1709 1484 1746 dubius
1515 1711 1565 1746 es·

244 1762 299 1799 fet
324 1762 400 1811 ipse
424 1762 638 1811 Pamphilus
662 1765 703 1799 in
730 1766 855 1801 animo
923 1768 983 1811 28)
1028 1764 1183 1799 castitati
1215 1763 1385 1800 ducendo
1414 1780 1435 1801 u
1440 1781 1535 1800 xxxxx
1539 1782 1563 1802 n

244 1823 306 1866 29)
340 1819 520 1867 voluptati
566 1822 633 1867 30)
657 1822 842 1868 arguendo
889 1828 948 1866 3¹)
971 1822 1236 1869 inportunitate
1282 1823 1347 1868 32)
1371 1834 1411 1858 ut
1427 1824 1563 1862 dubius

246 1876 333 1913 ess'et
390 1877 454 1923 33)
482 1878 521 1912 in
538 1889 679 1914 tantum
756 1879 823 1926 34)
849 1893 926 1916 non
952 1879 1111 1916 multum
1174 1879 1240 1926 35)
1266 1880 1494 1929 Pamphilus.

246 1936 308 1980 36)
328 1934 513 1984 Pamphili
558 1940 617 1981 37)
643 1934 720 1984 ipsa
735 1937 908 1974 Bacchis.

189 2107 250 2148 4ο.
289 2115 331 2140 ut
357 2117 436 2140 cum
461 2106 648 2151 maxime]
688 2086 815 2141 ¹[enisus
891 2122 925 2143 v.
951 2107 1076 2143 Taciti
1105 2104 1239 2142 Annel.
1267 2106 1297 2141 1.
1324 2112 1358 2148 3.
1382 2116 1419 2141 et
1435 2105 1487 2141 ibi
1507 2107 1566 2142 Li·

146 2159 216 2200 est.
258 2159 461 2195 Bachidem
490 2161 543 2196 ita
571 2172 648 2196 tum
670 2163 816 2198 amabat
891 2165 1020 2213 pfium.

143 2228 186 2252 ut
203 2230 285 2252 cum
302 2217 459 2252 maxime
482 2231 562 2261 eam
581 2219 728 2254 amarat.
748 2221 815 2256 do·
937 2228 997 2265 43.
1028 2219 1256 2263 Tundendo]
1324 2217 1365 2252 h.
1400 2231 1434 2252 e.
1466 2217 1564 2253 idem

142 2288 224 2310 mus
253 2275 459 2311 celebratur·
485 2278 543 2311 ica
572 2287 613 2311 ut
639 2290 721 2312 cum
740 2289 818 2311 ma·
893 2279 999 2325 saepe
1037 2287 1073 2311 et
1106 2275 1256 2310 moleste
1286 2273 1500 2321 repetendo.
1527 2272 1567 2313 Q,

145 2333 258 2366 xime.
288 2331 369 2366 Cic.
407 2330 454 2365 ad
487 2332 617 2376 Quint.
646 2332 743 2368 fratr.
769 2333 817 2366 11.
892 2335 984 2371 Not.
1014 2331 1062 2367 ad
1077 2331 1190 2367 Andr.
1221 2332 1269 2365 11.
1295 2343 1330 2365 2.
1355 2330 1485 2366 inubi
1506 2344 1567 2367 eo·

144 2387 181 2421 6.
227 2387 287 2420 De
317 2388 447 2422 harum
472 2388 729 2435 particularum
755 2387 820 2422 usu
896 2389 979 2424 dem
1004 2388 1105 2423 seusu
1133 2386 1184 2422 est
1204 2388 1422 2424 obtundere.

148 2440 333 2488 disputant
346 2444 484 2479 Duker,
515 2445 562 2478 ad
579 2445 671 2479 Flor.
694 2446 739 2479 11.
762 2445 819 2479 16.
942 2446 1055 2489 odio]
1097 2444 1123 2481 i.
1136 2456 1168 2478 e.
1187 2443 1473 2491 importunitate.
1490 2457 1570 2479 mo·

146 2510 184 2545 p.
206 2504 287 2541 430.
307 2509 343 2534 et
362 2500 497 2535 Emest.
518 2500 557 2534 in
570 2500 681 2535 clave
700 2500 820 2535 Cicer.
895 2501 999 2537 lestis
1018 2513 1110 2548 quae
1126 2500 1255 2535 odium
1272 2499 1371 2535 facit.
1390 2501 1506 2538 plaut.
1527 2503 1568 2537 in

149 2566 238 2588 voce
256 2567 440 2592 maxume.
895 2557 992 2594 Afin.
1021 2559 1068 2592 11.
1094 2563 1130 2601 4.
1147 2563 1208 2600 4ο.
1236 2560 1313 2593 iam
1335 2558 1395 2594 hic
1423 2573 1478 2595 me
1504 2559 1568 2595 ab·

195 2616 251 2653 44.
280 2612 510 2654 Praesidium
519 2613 704 2658 senectuti
712 2611 726 2655 ]
763 2611 823 2646 Li·
896 2617 1017 2662 egerit
1038 2618 1118 2661 fim-
1137 2615 1239 2650 odio.
1261 2614 1388 2658 Horat.
1405 2614 1518 2648 Serm.
1535 2617 1567 2650 1.

150 2664 228 2699 beri
271 2665 375 2712 saepe
419 2667 589 2702 dicuntur
632 2677 822 2712 parentum
898 2683 932 2716 7.
943 2672 977 2705 6.
990 2670 1053 2705 ubi
1064 2683 1097 2704 v.
1108 2670 1355 2706 Torrentium.
1368 2671 1406 2705 in
1418 2670 1567 2706 Phorm.

150 2720 347 2769 praesidia.
372 2724 619 2765 munimenta,
653 2724 821 2762 subfidia.
897 2728 947 2769 Y.
965 2728 1002 2766 6.
1018 2740 1049 2775 9.
1066 2740 1098 2762 v.
1116 2726 1282 2766 Perizon.
1301 2726 1349 2762 nd
1357 2726 1394 2763 S.
1405 2727 1499 2763 Min.
1518 2728 1567 2764 11.
