1664 3100
1264 117 1279 138 ἱ

152 146 247 194 106
687 145 1017 208 HECYRA.

142 280 280 328 PAR.
312 277 492 328 Habet.
559 277 656 329 Sed
688 277 861 329 firmae
887 279 984 329 hae
1006 296 1184 330 vereor
1203 292 1262 329 ut
1283 277 1440 341 fint⁴⁷)
1473 295 1566 331 uu-

142 418 243 463 PH.
278 419 354 463 Ita
377 415 466 463 Dii
487 360 731 542 Ιὲἓξὲἷῑυε
754 415 926 476 faxint,
951 413 992 479 8)
1027 414 1063 464 fi
1095 416 1147 464 in
1169 434 1275 466 rem
1302 416 1371 466 est
1386 414 1565 467 Rachi-

533 502 588 532 ιε.
613 493 636 526 9

140 550 237 600 Sed
257 551 349 618 qui
375 554 434 610 ¹⁰)
463 551 590 600 istuc
610 549 811 600 credam
829 552 902 599 ita
926 552 1030 608 esse,
1065 550 1147 602 dic
1163 550 1284 600 mihi
1302 555 1562 602 Parmeno.

142 623 180 665 F
182 621 277 666 AR.
311 621 361 668 N
365 637 433 668 on
456 620 525 667 est
544 637 673 685 opus
698 618 911 684 prolato,
940 625 997 681 ¹¹)
1029 618 1130 669 hoc
1151 622 1497 687 percontarier

64 693 120 739 30
135 685 334 735 Defiste.
402 690 512 802 PH.l
528 690 575 736 N
581 705 725 813 εξιιὲξ
735 704 809 781 fa
837 688 986 738 causa
1009 687 1067 750 ¹²)
1103 702 1163 737 ut
1194 705 1258 737 ne
1293 687 1346 737 id
1365 687 1456 737 fiat
1473 707 1560 756 pa-

133 829 209 871 Ita
237 798 323 870 ine
340 822 426 871 Dii
458 772 595 872 Βεῗὲ
611 763 864 884 .ειιιιει])ῑ**)
900 822 1037 872 haud
1059 837 1330 890 propterea
1348 836 1402 872 te
1420 840 1561 891 rogo,

135 895 207 939 Ut
225 890 323 939 hoc
345 890 615 957 proferam,
646 890 727 939 sed
754 905 813 940 ut
835 893 988 940 tacita
1011 909 1208 940 mecum
1229 890 1489 958 gaudeam.

131 961 266 1008 PAR.
299 962 580 1027 Nunquam
621 973 726 1008 tam
761 959 897 1009 dices
932 959 1221 1019 commode,
1275 972 1334 1008 ut
1361 973 1558 1027 tergum

132 1098 305 1145 Tuam
325 1096 378 1143 in
408 1044 914 1144 fidgnelizrdlmmittam.
937 1096 994 1157 ι4)
1060 1097 1162 1144 PH.
1196 1093 1273 1144 Ah
1302 1093 1410 1146 noli
1441 1098 1556 1145 Par-

57 1239 113 1283 35
129 1229 277 1297 Quali
297 1244 352 1279 tu
377 1166 828 1280 nonlixnefflssoliinalis
852 1246 1057 1277 narrare
1080 1226 1182 1279 hoc
1209 1228 1357 1288 mihi,

127 1302 290 1365 Quam
312 1316 406 1365 ego
429 1316 563 1366 quae
581 1311 850 1377 perconter
868 1298 1000 1347 scire.
1016 1295 1072 1358 ¹⁶)
1116 1299 1252 1346 PAR.
1275 1300 1409 1348 Vera
1427 1297 1556 1353 haee

124 1433 219 1484 Etsi
244 1438 301 1496 ¹7)
332 1433 457 1483 illud
482 1369 804 1484 Ξιὲῗιὲῗὶοῑῗὲω
832 1438 889 1495 Ι8)
926 1434 995 1483 est
1022 1434 1324 1493 maximum-3
1363 1431 1400 1482 fi
1428 1432 1551 1483 mihi

126 1575 204 1619 Te
228 1501 859 1628 tacituramfiudeitriamdiiSPH.
894 1568 971 1617 Ad
995 1557 1251 1634 ingenium
1279 1574 1337 1630 ¹9)
1366 1569 1513 1620 redis.

121 1639 293 1687 Fidem
316 1641 383 1698 ²⁰)
415 1638 507 1692 do3
542 1637 765 1704 loquere.
832 1639 966 1685 PAR.
1002 1635 1251 1686 Ausculta.
1319 1640 1420 1692 PH„
1439 1639 1550 1690 Istic

480 1707 597 1754 sum.
665 1706 802 1753 PAR.
837 1708 989 1754 Hanc
1011 1702 1284 1757 Bachidem
1305 1710 1367 1767 ²¹)

181 1819 222 1863 7)
249 1817 362 1851 timeo
391 1829 438 1850 ne
463 1814 533 1849 [int
565 1814 688 1849 firmae
744 1814 787 1859 8)
812 1823 852 1848 ut
869 1826 944 1847 non
965 1812 1034 1848 fint
1061 1812 1185 1848 firmae
1228 1818 1266 1860 9)
1291 1814 1330 1848 in
1349 1814 1546 1851 utilitatem

225 1874 324 1908 itlius
344 1872 460 1919 potest
484 1872 559 1905 fieri
610 1875 667 1911 ιο)
692 1869 881 1917 quomodo
934 1875 989 1911 ιι)
1016 1869 1117 1906 dicto
1178 1874 1233 1912 ια)
1260 1870 1338 1905 dixi
1387 1876 1443 1915 ιδ)
1469 1874 1545 1915 veh

220 1932 250 1973 ⁸)
293 1932 385 1967 edit.
423 1944 499 1965 non
528 1931 741 1973 interrogat
812 1927 859 1967 '⁸')
909 1928 1000 1963 edit.
1050 1926 1237 1962 amabunt.
1269 1929 1376 1972 prob-
1421 1931 1543 1967 Benel.

216 1988 278 2034 14)
306 1987 477 2021 secretum
504 1997 626 2018 meum
646 1983 712 2019 tibi
734 1983 959 2019 committam
1001 1983 1063 2029 15)
1082 1982 1146 2018 ista
1169 1982 1289 2019 dicere
1338 1986 1394 2026 16)
1416 1986 1544 2022 videli.

222 2057 278 2080 cet
294 2044 362 2082 tibi
393 2041 620 2077 committere
649 2040 822 2076 secretum
850 2040 951 2089 quod
981 2040 1063 2074 volo
1092 2039 1222 2076 celare.
1289 2043 1414 2080 Minus
1442 2058 1543 2081 recte

219 2105 316 2147 cepit
346 2110 498 2136 mentem
526 2103 658 2136 comici
671 2099 891 2147 scholiastes
957 2102 1011 2144 17)
1037 2101 1223 2135 Mneaeum
1247 2101 1289 2136 ἰη
1313 2109 1349 2134 et
1373 2113 1468 2148 quae
1489 2107 1540 2148 eft

216 2161 327 2195 lectio
377 2159 535 2194 edition.
622 2159 677 2203 ιε)
716 2156 778 2191 alii
808 2168 922 2191 unum
1006 2156 1061 2201 ¹9)
1097 2165 1201 2190 tuum
1277 2161 1337 2197 20)
1372 2157 1539 2194 astutiam

217 2220 277 2257 21)
303 2228 411 2264 quam
432 2226 471 2251 tu
487 2215 593 2251 dicis.

158 2352 214 2387 29.
234 2355 309 2376 non
328 2343 379 2387 ese
398 2355 491 2384 opus
510 2343 680 2386 prolato]
717 2342 739 2376 i.
754 2355 786 2376 ο.
863 2338 1026 2376 dederis,
1046 2338 1251 2384 praestabo.
1285 2337 1470 2374 Interdum
1479 2341 1539 2385 fi-

113 2398 269 2443 evulgari
300 2412 373 2433 non
408 2399 526 2433 debet.
577 2397 786 2434 Casaubon.
864 2397 946 2431 dem
964 2396 1056 2430 dar-e
1075 2395 1125 2430 est
1150 2395 1258 2429 fidem
1280 2395 1429 2435 firmare,
1460 2396 1538 2432 effi-

113 2454 159 2489 ad
188 2455 335 2489 Sueton.
364 2455 402 2488 in
429 2456 517 2490 Ner.
548 2468 580 2489 c.
606 2456 664 2490 26.
688 2455 787 2490 hanc
864 2464 944 2486 cere
968 2462 1008 2486 ut
1026 2451 1116 2498 quid
1142 2451 1319 2486 credatur.
1340 2452 1450 2488 Ovid.
1472 2454 1537 2488 Fa-

111 2511 307 2547 formulam
340 2512 435 2546 male
478 2522 666 2559 comparat
702 2525 786 2548 cum
861 2509 948 2545 stor-
976 2509 1022 2543 11.
1058 2520 1115 2543 20.
1149 2522 1248 2545 nunc
1275 2523 1417 2557 quoque
1437 2511 1538 2546 dane

110 2569 253 2604 Graeco
281 2580 354 2612 ουκ
379 2563 503 2619 εδεροις
521 2582 635 2615 aya-v.
861 2566 976 2602 verbo
1016 2568 1146 2610 pluria
1179 2566 1300 2613 signa
1325 2568 1459 2612 fidem.
1499 2579 1533 2602 v.

154 2632 209 2670 37.
228 2624 268 2669 fi
291 2623 382 2660 mibi
400 2625 518 2670 fidem
547 2626 641 2670 das]
699 2625 723 2659 i.
751 2637 785 2658 e.
860 2622 1047 2658 Schwarz.
1074 2620 1120 2656 ad
1140 2621 1251 2657 Plinii
1279 2624 1448 2668 Panegyt.
1473 2630 1532 2668 74.

106 2681 134 2717 fi
162 2680 253 2715 mihi
274 2679 389 2714 sancto
410 2681 603 2727 promittis.
628 2681 707 2717 Cic.
737 2680 784 2714 ad
906 2688 951 2727 39
989 2680 1180 2727 isticsum]
1229 2680 1254 2715 i.
1272 2693 1304 2714 e.
1324 2680 1399 2715 iam
1417 2689 1534 2715 atten-

105 2738 188 2773 Div.
206 2738 250 2775 V.
275 2750 327 2773 u.
342 2751 596 2785 quamcunque
615 2741 650 2775 ei
661 2739 783 2783 fidem
860 2737 931 2779 de,
960 2737 1032 2773 hoc
1051 2749 1130 2783 ago.
1447 2751 1452 2757 ·

1658 2683 1664 2739 ι’
