1664 3100
178 148 241 194 32
401 163 414 182 ν
714 146 1078 194 ADELPHI.

175 277 369 330 CANT.
401 282 528 330 Erae
555 277 621 342 96)
653 293 804 329 natae
825 281 864 340 “)
898 279 1081 330 melius
1112 278 1223 330 fieri
1248 280 1388 332 haud
1417 284 1600 350 potuit,

536 349 696 416 'quam
727 348 917 398 factum
943 350 1011 398 est
1030 367 1127 398 era.
1147 355 1209 411 97)
1518 344 1525 354 ‘

181 415 400 483 Quando
423 421 486 479 98)
525 418 705 466 vitium
729 424 790 475 99)
825 416 1052 465 oblatum
1077 417 1166 476 est,
1213 415 1356 485 quod
1382 420 1418 480 ¹)
1454 415 1520 467 ad
1545 415 1628 467 il-·
1659 455 1662 457 -

534 483 638 533 lum
665 489 702 544 2)
739 486 917 533 attinet
939 483 1240 551 potissimum

106 574 156 602 ιο
171 551 350 602 Talem
375 556 414 614 5)
453 551 748 668 talifgeulere
771 566 926 621 atque
960 554 1130 603 animo
1158 567 1337 603 natum
1363 571 1425 603 ex
1457 566 1602 603 tanta

554 639 650 669 aml
674 639 734 670 la·

172 690 298 739 SOS.
353 693 437 746 Ita,
459 687 549 756 pol
579 690 646 737 est
677 702 735 739 ut
772 687 910 738 dicis.
945 690 986 754 4)
1071 686 1250 748 Salvus
1270 687 1440 754 ‘nobis
1475 687 1597 739 deos

537 757 723 825 quaeso
747 770 805 806 ut
821 754 920 807 fiet.

172 905 401 966 (Ac’rus
450 907 546 953 III.
612 907 809 953 semu
851 907 911 954 II.
1001 903 1195 955 GETA.
1242 906 1600 956 SOSTRATA.

216 977 219 981 '
687 973 1089 1036 CANTHARA.)

175 1067 270 1113 GE.
295 1068 334 1126 ⁵)
367 1060 523 1113 Nunc
540 1060 667 1111 illud
692 1059 730 1123 6)
768 1064 857 1121 est,
902 1064 1045 1131 quod
1061 1062 1098 1113 fi
1118 1064 1290 1114 omnia
1310 1080 1486 1114 omnes
1509 1063 1596 1112 sua
1647 1082 1650 1083 ⁷

531 1128 737 1180 consilia
761 1131 1046 1190 conferant,

173 1205 341 1267 Atque
358 1198 479 1248 huic
499 1197 636 1248 malo
662 1201 699 1258 7)
732 1197 940 1248 salutem
962 1213 1235 1267 quaerant,
1272 1197 1447 1249 auxilii
1471 1196 1597 1247 nihil

530 1265 752 1324 afferant,
1069 1277 1072 1280 ’
1661 1271 1664 1274 “

171 1334 322 1403 Quod
344 1334 569 1402 mihique
591 1351 811 1400 eraeque
832 1332 1042 1403 filioque
1063 1333 1207 1385 herili
1227 1336 1307 1385 est.
1341 1337 1444 1385 Vae
1464 1333 1596 1383 mise-

527 1421 586 1452 ro
625 1401 758 1451 mihi.
879 1410 881 1412 ’

165 1474 273 1520 Tot
302 1489 382 1521 res
415 1485 622 1537 repente
652 1468 1064 1530 circumvallant,
1109 1469 1247 1519 unde
1281 1470 1469 1536 emergi
1488 1487 1594 1518 non

528 1539 691 1605 potest
1589 1558 1592 1564 ¹

123 1606 256 1663 5Vis
281 1610 319 1666 8)
355 1606 556 1671 egestas,
591 1606 854 1663 iniusticia,
878 1603 920 1666 9)
954 1605 1182 1665 solitudo,
1208 1604 1270 1668 ¹⁰)
1308 1602 1526 1655 iBfamia.

168 1675 370 1724 Hocine
389 1672 639 1723 saeclum?
660 1677 717 1733 ¹¹)
753 1691 785 1721 o
820 1672 1025 1732 scelera,
1068 1692 1100 1724 o
1124 1691 1310 1741 genera
1340 1672 1602 1741 sacrilega,¹

527 1739 782 1789 hominem
809 1741 1033 1807 impium.
1151 1758 1157 1764 ·

226 1853 292 1901 96)
311 1851 408 1886 filiae
428 1861 513 1886 tuae
560 1850 596 1896 ’)
622 1850 713 1886 edic.
735 1850 763 1884 E
783 1863 821 1885 te
841 1861 925 1886 nata
970 1855 1031 1898 97)
1050 1865 1073 1887 ο
1091 1865 1149 1889 en
1191 1851 1343 1887 domina
1396 1855 1458 1899 98)
1484 1851 1593 1900 fiqui-
1662 1843 1664 1858 *

277 1909 362 1946 dem
409 1911 468 1955 99)
494 1907 654 1954 stuprum
673 1919 859 1954 peractum
912 1909 949 1953 1)
975 1909 1104 1945 vitium
1130 1878 1187 1952 ζ)
1211 1908 1430 1947 Aeschinum
1475 1911 1519 1956 3)
1541 1909 1593 1944 vi·
1633 1934 1635 1937 .

273 1979 355 2002 rum
404 1966 446 2010 4)
472 1977 580 1999 nemo
610 1965 730 2012 potuit
760 1965 890 2000 melius
921 1966 1063 2008 evenire
1090 1967 1146 2013 (l.
1167 1967 1359 2013 divinare)
1396 1961 1442 2010 ¹5)
1468 1959 1590 2002 Ie'cum‘

267 2022 433 2070 loquitur
495 2021 539 2067 6)
565 2020 701 2055 malum
768 2022 810 2067 7)
835 2022 937 2070 quod
956 2023 1091 2059 accidit
1109 2024 1156 2060 de
1170 2023 1350 2060 Aeschino
1414 2029 1453 2067 8)
1478 2022 1517 2058 id
1537 2022 1590 2059 est

266 2080 320 2115 vis
366 2079 408 2125 9)
433 2078 535 2113 illata
556 2077 599 2112 ab
620 2077 800 2112 Aeschino
853 2083 907 2120 ιο)
942 2081 1028 2128 quia
1068 2072 1144 2117 fine
1165 2092 1326 2118 amatore
1357 2077 1408 2117 est
1435 2079 1590 2116 domina
1646 2090 1650 2097 ’

264 2139 326 2177 511)
360 2135 432 2170 tale
462 2133 511 2171 est
534 2133 694 2169 seculum
714 2135 754 2170 id
782 2135 833 2171 est
854 2135 1045 2183 pessimum
1068 2138 1131 2175 est.

278 2238 386 2273 Aer.
412 2237 475 2270 111.
521 2236 656 2271 Scau.
687 2250 718 2276 1.
914 2240 1081 2275 omnium
1136 2239 1350 2288 scripturam
1391 2238 1586 2287 probatam

205 2304 242 2340 8.
275 2299 304 2331 Ε
328 2309 367 2331 re
396 2294 512 2338 nata]
570 2293 594 2327 i.
622 2306 655 2328 e.
688 2294 836 2341 quando
913 2297 1081 2332 Bentleio
1115 2311 1135 2333 e
1166 2311 1208 2334 re
1238 2309 1353 2334 natae
1382 2295 1589 2342 ihtelligen·
1635 2335 1641 2339 K

160 2367 216 2390 res
246 2353 295 2388 ita
327 2350 479 2390 cecidit,
518 2349 666 2397 quando
695 2351 836 2399 reliqua
915 2353 1001 2388 dum
1021 2353 1071 2388 est
1091 2366 1133 2388 ex
1154 2351 1351 2388 coinmodo
1371 2351 1468 2387 filiae
1487 2362 1586 2387 tuae.
1616 2344 1641 2396 ’,ς

160 2410 213 2445 ita
232 2407 266 2443 [ο
285 2407 433 2446 habent.
463 2420 533 2454 qua
555 2407 710 2442 termula
729 2419 835 2443 utun·
911 2410 973 2445 Sic
1002 2410 1138 2446 dicitur
1166 2425 1185 2446 e
1211 2423 1252 2446 re
1281 2422 1380 2450 mea,
1404 2421 1425 2444 e
1450 2421 1492 2446 re
1516 2420 1587 2446 tua
1614 2398 1641 2451 vs}

160 2476 220 2502 tur
240 2465 370 2512 quibus
399 2463 488 2510 quid
519 2474 643 2499 contra
672 2465 835 2501 volunta·
911 2477 980 2502 etc.

160 2532 235 2559 tem
255 2522 305 2556 ita
324 2521 467 2559 accidit,
492 2531 531 2555 ut
548 2531 670 2556 tamen
694 2522 834 2556 incom—
950 2519 953 2520 ⁷

159 2578 312 2614 modum
350 2591 431 2612 cum
468 2577 591 2624 aliquo
637 2578 832 2613 commodo
1027 2569 1135 2603 ACT·
1162 2568 1226 2605 ῙῙῙ·
1272 2567 1408 2603 8⁶¹⁸·
1433 2580 1468 2604 2.

160 2636 396 2672 coniunctum
422 2633 473 2669 [it.
496 2647 526 2667 v.
549 2634 684 2669 Donat.
717 2635 763 2667 ad
791 2635 830 2669 h.
953 2640 988 2679 4.
1016 2627 1330 2681 circumvallant]
1379 2635 1404 2670 i.
1432 2649 1464 2671 e.
1492 2635 1584 2672 obfi-
1615 2645 1638 2674 η·

158 2693 186 2729 1.
208 2693 283 2729 Cic.
307 2692 353 2727 ad
375 2693 481 2727 Attio.
505 2692 583 2725 VH.
606 2700 638 2733 g.
666 2692 765 2726 XtV.
796 2693 829 2729 6.
909 2692 1019 2732 dent.
1045 2704 1195 2737 angunt.
1220 2705 1252 2728 v.
1271 2694 1312 2728 P.
1334 2693 1490 2736 Victorii
1508 2704 1582 2728 vu.

159 2749 303 2797 Quodsi
326 2749 544 2787 retineamus
564 2748 738 2785 librorum
756 2749 830 2786 fere
905 2749 1056 2786 lection.
1077 2750 1126 2785 Π.
1152 2749 1206 2784 16.
