1708 3106
185 145 280 195 118
737 143 1063 192 HECYRA.

187 283 372 349 Neque
405 278 533 332 adeo
568 278 698 330 clam
727 297 806 328 me
837 279 930 337 est,
965 297 1119 347 quam
1144 279 1235 328 esse
1257 295 1374 328 eum
1395 278 1615 345 graviter

548 346 770 398 laturum
804 347 1018 397 credam.
1089 361 1091 363 ’
1521 357 1524 359 ’

120 438 173 467 20
188 421 304 468 Hoc
325 416 362 467 fi
377 417 607 475 rescierit,
631 434 692 466 eo
718 415 938 473 domum,
952 419 1012 475 79)
1038 413 1211 464 studeo
1231 413 1358 464 haec
1371 419 1431 478 8⁰)
1454 415 1617 481 prius-

553 502 708 552 quam
742 482 824 531 ille
851 483 953 532 huc
974 486 1012 543 *)
1047 483 1230 532 redeat.

193 554 291 603 PH.
326 552 529 612 Laches,
559 555 624 612 8¹)
671 565 721 600 et
747 550 1056 617 diligentiam
1086 552 1295 601 vestram
1320 563 1370 599 et
1397 548 1623 616 benigni-

558 634 713 670 tatem

190 685 349 749 Novi,
372 702 422 739 et
445 706 579 757 quae
601 688 728 738 dicis
752 687 920 736 omnia
940 686 1033 735 esse
1054 699 1113 734 ut
1132 684 1258 735 dicis
1296 686 1520 735 animum
1554 686 1625 734 iri-

565 756 711 813 duco,

160 871 162 873 ,
204 827 267 874 Et
287 839 338 874 te
359 824 460 876 hoc
481 824 603 874 mihi
624 824 777 890 cupio
808 820 1021 873 credere.
1087 810 1225 870 Illam
1255 820 1320 871 ad
1343 838 1436 871 vos
1463 819 1627 869 redire

563 892 751 949 studeo,

206 959 259 1009 Si
281 961 446 1010 facere
467 959 638 1029 possim
662 959 766 1008 ullo
791 957 956 1007 modo.
1023 961 1118 1005 LA.
1150 960 1293 1023 Quae
1314 975 1394 1005 res
1426 971 1476 1005 te
1497 954 1547 1005 id
1569 956 1632 1005 fa-

206 1065 211 1071 ·
566 1047 678 1078 cere
701 1025 967 1093 prohibet?
1691 1070 1703 1079 ⁸

137 1105 191 1146 25
205 1094 317 1146 Eho
347 1115 471 1146 num
515 1096 758 1165 quidnam
812 1092 1198 1143 accusaturum?
1224 1095 1286 1152 8²)
1316 1090 1357 1152 ²¹¹⁶)
1412 1094 1511 1140 PH.
1543 1091 1634 1139 Mi-

572 1165 718 1213 nime.
766 1167 894 1212 Nam
921 1163 1187 1228 postquam
1212 1159 1406 1209 attendi

212 1233 392 1299 Magis,
426 1245 476 1281 et
496 1233 546 1283 vi
569 1232 715 1297 coepi
737 1248 916 1296 cogere
942 1243 1000 1278 ut
1029 1228 1240 1288 rediret,
1272 1229 1439 1276 sancte
1458 1226 1521 1289 83)
1556 1224 1637 1276 ad-

208 1369 329 1417 Non
361 1367 496 1436 posse
538 1312 798 1435 agiirdtvos
832 1362 1094 1435 Pamphilo
1130 1365 1175 1413 se
1218 1351 1639 1430 absente'perd'u-

218 1501 372 1552 Aliud
389 1454 589 1553 fortasse}
601 1453 697 1552 {Ilii
719 1499 760 1563 *)
794 1502 903 1552 vitii
926 1503 1004 1551 est.
1072 1504 1174 1567 Ego
1203 1500 1309 1549 sum
1342 1499 1512 1548 animo
1541 1495 1644 1547 leni

218 1641 340 1687 Non
368 1639 563 1703 possum
578 1585 842 1686 raegirlgisari
868 1637 1006 1685 meis.
1037 1639 1098 1692 84)
1163 1636 1260 1684 LA.
1293 1639 1437 1692 Hem,
1459 1638 1521 1694 85)
1554 1630 1644 1684 'So-

583 1706 744 1753 strata.
767 1702 831 1764 36)
895 1708 987 1754 SO.
1021 1708 1135 1751 Heu
1161 1721 1240 1752 me
1260 1704 1499 1751 miseram.
1563 1728 1565 1730 ·

151 1781 205 1824 30
221 1777 311 1822 LA.
347 1775 613 1821 Certumne
643 1774 711 1820 est
731 1773 891 1821 istuc?
956 1774 1056 1818 PH.
1090 1774 1245 1819 Nunc
1276 1769 1483 1837 quidem
1503 1782 1560 1818 ut
1576 1769 1644 1818 vi-

583 1839 741 1888 detur.
810 1838 904 1889 Sed
928 1838 1175 1908 numquid
1197 1839 1306 1889 vis?

289 1998 353 2046 79)
377 2010 497 2033 meam
543 1998 612 2044 80)
636 1998 812 2044 corrigere
877 1999 913 2044 ⁴¹)
935 1999 1026 2036 edic.
1050 2007 1089 2032 ut
1107 1997 1342 2043 improbante
1362 1995 1484 2033 Bentl.
1533 1996 1598 2042 8¹)
1624 2009 1647 2030 o

331 2055 474 2091 Laches
543 2057 609 2102 32)
645 2054 744 2090 dices
774 2066 809 2091 te
838 2067 856 2089 a
885 2055 974 2090 filio.
1006 2054 1051 2092 al.
1080 2054 1222 2090 acculat
1247 2055 1363 2088 virum
1426 2053 1463 2098 ⁴)
1493 2053 1585 2089 edit.
1611 2065 1648 2089 et

336 2114 459 2149 Bentl.
487 2110 628 2147 accusat
653 2112 769 2148 virum
840 2113 905 2158 83)
939 2125 1003 2160 per
1033 2111 1154 2147 sancta
1180 2111 1342 2145 Deorum
1394 2111 1431 2156 ⁸)
1452 2112 1546 2146 edic.
1568 2110 1650 2146 aliis

334 2170 567 2217 improbante
599 2171 720 2211 Bentl.
787 2172 846 2214 84)
879 2169 975 2205 natis
1039 2170 1105 2215 85)
1137 2166 1321 2205 irascenti·
1378 2167 1444 2213 86)
1476 2167 1550 2203 hoc
1578 2169 1652 2215 egit

855 2265 1036 2280 nfl-——u-

217 2340 347 2387 ‘Saepe
367 2340 440 2375 hoc
465 2339 610 2375 verbum
633 2338 790 2373 occurrit
809 2336 908 2384 apud
982 2350 1020 2372 re
1033 2363 1042 2377 .
1077 2337 1175 2385 quod
1194 2337 1288 2384 ,ιίρίίε
1308 2347 1383 2372 erat
1400 2335 1614 2372 familiarius
1632 2348 1653 2371 e

234 2398 355 2433 Plaut.
409 2397 510 2432 cuius
560 2396 643 2431 loca
683 2395 809 2431 Rivius
861 2393 908 2429 ad
984 2395 1127 2440 vulgata
1158 2394 1362 2429 Bibliorum
1394 2392 1574 2434 verfione,
1605 2392 1655 2428 al·
1706 2383 1708 2387 ¹

233 2454 272 2490 h.
291 2453 316 2488 l.
336 2453 523 2489 indicavit.
571 2453 674 2488 Idem
702 2452 839 2487 auctori
862 2450 909 2488 ad
983 2452 1050 2489 teri
1069 2451 1195 2499 palIim
1215 2450 1443 2486 substituisse.

235 2511 396 2544 Herenn.
410 2512 472 2545 IV.
487 2523 541 2545 2¹.
555 2509 707 2545 restituit
719 2508 908 2544 Graevius.
1030 2517 1087 2551 28.
1111 2510 1190 2545 leni
1206 2522 1274 2555 ego
1286 2509 1368 2552 sum
1385 2510 1510 2544 animo
1524 2507 1653 2552 natus]

236 2567 371 2602 Verum
385 2566 503 2603 Bantl.
520 2566 558 2602 in
569 2567 743 2603 Terentio
760 2578 794 2602 et
807 2567 910 2602 Plau·
984 2565 1132 2601 verbum
1160 2577 1272 2602 natus
1297 2565 1476 2612 eleganter
1495 2564 1660 2600 abundat

238 2634 277 2658 to
305 2623 375 2669 legi
412 2623 512 2659 iubet
535 2626 812 2670 magnifacere
840 2637 907 2658 nec
985 2633 1027 2658 ut
1054 2622 1093 2657 in
1121 2622 1200 2657 aliis
1228 2622 1415 2662 formulis.
1449 2626 1514 2659 vir·
1533 2634 1658 2670 mus,

241 2679 410 2715 abhorret
429 2693 446 2714 a
468 2694 568 2720 vero,
596 2680 757 2716 librarios
781 2681 910 2715 caden—
987 2682 1160 2716 mortalis
1179 2693 1313 2720 naeus.
1352 2683 1485 2717 mulier·
1502 2690 1608 2716 nata.
1626 2690 1660 2718 v.

242 2736 287 2772 tis
317 2736 508 2774 latinitatis
538 2737 685 2774 verbum
704 2738 912 2784 magnifica·
985 2748 1062 2775 not.
1085 2737 1131 2773 ad
1149 2738 1264 2775 Rutil.
1285 2740 1379 2786 Lup.
1398 2738 1445 2774 11.
1464 2742 1522 2783 94.
