1708 3106
142 164 231 214 286

660 166 1019 217 PH'ORMIO.

133 301 184 348 N
189 316 255 348 on
278 297 441 357 addit;
457 299 504 358 Ὗ
530 296 619 349 ubi
642 315 734 365 ego
759 298 877 349 hinc
900 299 1096 360 abiero,
1131 298 1212 351 vel
1233 300 1467 355 occidito.
1486 308 1578 366 87)(

130 369 239 416 DA.
293 366 426 433 Quid
472 367 796 433 paedagogus
843 374 904 430 88)
979 369 1073 419 ille'
1100 371 1171 431 89)
1220 372 1313 438 qui
1355 370 1551 424 cithari-

486 435 653 483 [triam
665 438 687 482 ’.Ρ
706 444 770 498 90)

55 512 112 566 95
126 499 259 570 Quid
281 503 352 551 rei
373 502 532 568 gerit?
550 504 615 561 9¹)
666 506 761 551 GE.
794 505 878 555 Sic
897 503 1140 556 tenuiter.v
1166 507 1271 556 DA.
1288 507 1339 557 Ν
1343 524 1410 557 on
1429 506 1549 558 mul·

490 584 599 620 tum
625 569 779 620 habet

128 636 280 704 Quod
300 636 383 686 det
401 637 608 687 fortasse.
644 639 743 688 GE.
766 640 923 689 Immo
945 639 1081 698 nihil,
1103 639 1188 690 nin
1200 642 1331 707 spem
1349 659 1547 691 meram.
1604 658 1610 665 '

125 709 231 755 DA.
261 708 409 755 Pater
438 707 549 754 eius
577 711 639 767 9²)
697 706 846 756 rediit
878 712 1082 757 annon?
1159 712 1255 758 GE.
1292 709 1548 759 Nondum.

482 775 588 822 DA.

482 910 581 959 [cio
594 929 608 968 3

624 773 758 840 quid.
782 780 845 833 93)
879 776 1042 824 senem

125 839 311 910 Quoad
334 842 396 904 94)
441 843 717 907 expectatis
748 844 993 892 vestrum?

1071 847 1167 893 GE.
1200 846 1324 894 Non
1354 857 1549 913 ceptum

123 975 224 1027 Sed
259 975 514 1044 epistolam
545 976 608 1026 ab
644 993 706 1027 eo
729 976 928 1026 allatam
961 979 1053 1027 esse
1084 977 1255 1028 audivi
1284 977 1450 1040 modo,

413 1220 417 1225 .
482 1179 540 1230 fit
562 1181 666 1231 tibi.

29 1069 105 1096 mo
120 1045 187 1094 Et
208 1044 272 1094 ad
292 1047 564 1111 portitores
587 1049 650 1106 9⁵)
685 1047 777 1095 esse
807 1045 958 1094 latam
974 1065 984 1103 ;
1002 1043 1044 1107 *)
1077 1045 1211 1095 hanc
1230 1059 1411 1112 petam.

123 1116 231 1163 DA.
264 1113 530 1180 Numquid
563 1117 694 1164 Geta
726 1113 863 1163 aliud
891 1131 969 1161 me
1000 1115 1111 1164 vis?

1187 1117 1284 1163 GE.
1325 1117 1397 1162 Ut
1416 1112 1546 1164 bene

123 1249 256 1299 Puer
271 1245 336 1311 96)
377 1247 520 1298 heus.
553 1266 738 1299 nemon
759 1253 820 1309 97)
863 1248 966 1298 huc
986 1247 1051 1312 98)
1089 1248 1292 1317 prodit?
1324 1265 1463 1316 cape,
1481 1251 1546 1310 99)

484 1316 549 1366 da
574 1316 674 1367 hoc
696 1318 901 1366 Dorcio.
935 1324 968 1379 ¹)

182 1439 215 1481 ⁸)
235 1439 329 1475 edic.
353 1436 466 1480 addat
484 1439 641 1484 improb.
674 1439 794 1475 Bentl.

862 1439 927 1483 87)
952 1437 1060 1472 etiam
1087 1436 1115 1472 fi
1145 1437 1301 1474 voluerit
1367 1442 1427 1482 88)
1458 1439 1544 1474 Pae-

228 1496 390 1542 dagogus
418 1508 493 1530 non
519 1494 633 1533 solum
654 1495 717 1542 qui
734 1494 872 1533 minat.
914 1493 976 1528 sed
997 1495 1105 1529 etiam
1127 1494 1188 1541 qui
1218 1495 1376 1531 minatur
1395 1495 1458 1531 [ub
1486 1509 1546 1530 cu-

227 1552 345 1589 stodia
392 1556 451 1598 39)
473 1551 628 1586 Phedria
673 1552 739 1598 90)
761 1551 967 1587 minabatur
985 1564 1005 1585 a
1027 1562 1073 1586 te.
1095 1550 1298 1598 poffidebat
1345 1557 1406 1599 9¹)
1431 1564 1545 1600 quan-

224 1621 282 1646 tus
327 1610 366 1643 in
409 1608 670 1656 posseffionem.
710 1608 765 1643 vel
800 1609 932 1654 geritur
1001 1610 1067 1654 92)
1110 1607 1285 1643 Chremes
1350 1613 1409 1654 93)
1448 1608 1541 1644 diei·

225 1667 291 1712 94)
311 1677 500 1714 quousque
545 1666 611 1712 95)
636 1664 683 1698 ad
704 1664 867 1700 custodes
888 1676 1012 1713 portus
1069 1666 1099 1707 ἰ)
1122 1667 1216 1702 edit.
1245 1677 1280 1701 et
1309 1665 1427 1702 Bentl.
1455 1665 1542 1700 alla-

223 1734 300 1758 tam
354 1724 420 1770 96)
444 1736 465 1757 o
486 1735 576 1771 puer
618 1723 684 1769 97)
710 1734 756 1756 an
777 1735 885 1756 nemo
908 1735 950 1757 ex
968 1721 1071 1757 vobis
1116 1726 1178 1768 98)
1204 1721 1252 1756 ad
1277 1733 1336 1756 me
1381 1724 1441 1768 99)
1467 1720 1540 1757 hoc

225 1790 414 1827 argentum
467 1782 501 1820 ι)
532 1778 698 1815 ancillae.
720 1780 783 1814 alii
801 1779 956 1826 optioni.

161 1909 219 1952 94.
245 1906 347 1950 quod
367 1905 614 1952 paedagogus
638 1907 708 1942 ille
729 1907 793 1955 qui

117 1962 408 2007 citharifin'am]
464 1960 601 1997 scilicet
625 1960 790 1996 sectatur.

115 2019 256 2067 Lepide
276 2017 496 2055 Phaedriam
525 2029 632 2059 vocat
658 2017 791 2066 paeda-

116 2090 272 2124 gogum,
309 2074 410 2124 quod
447 2076 509 2111 ille
537 2074 790 2111 citharistriam

115 2137 154 2171 in
184 2134 312 2171 ludum
341 2131 498 2168 ducebat
517 2143 553 2168 et
583 2130 790 2170 reducebat.

117 2193 218 2240 quod
245 2203 320 2235 erat
344 2203 477 2228 munus
507 2188 686 2227 fervorum
714 2200 796 2236 pae-

117 2250 353 2295 dagogorum.

160 2315 216 2353 95-
232 2307 292 2352 fic
316 2306 505 2350 tenuiter]
552 2302 698 2339 venuste
716 2302 788 2336 hac

114 2363 292 2411 particula
320 2374 468 2398 utuntur
495 2362 540 2397 de
568 2361 674 2396 rebus
695 2372 787 2407 quae

113 2434 190 2456 non
217 2419 300 2455 tati,
336 2420 490 2455 feliciter
523 2415 722 2453 succedunt
748 2417 786 2450 in

114 2477 226 2514 Andr.
245 2479 272 2512 1.
295 2486 328 2520 3.
351 2484 384 2521 4.
406 2488 441 2513 et
459 2489 495 2523 9.

159 2547 216 2581 97.
243 2535 357 2583 quid]
414 2535 514 2569 Bene
533 2533 703 2568 Donatus
726 2543 787 2566 an-

113 2601 240 2630 notat,
276 2592 367 2639 quid
384 2601 471 2632 'tum
498 2590 593 2629 dici,
638 2601 719 2623 cum
747 2588 787 2622 fit

113 2648 279 2684 tranfitus
307 2660 329 2682 a
350 2649 537 2683 mentione
555 2646 709 2689 valterius
734 2646 786 2680 rei

116 2705 162 2739 ad
182 2705 337 2741 alteram.
358 2703 542 2744 v.Duker.
565 2703 611 2739 ad
626 2704 719 2740 Flor.
739 2704 784 2738 11.

114 2763 148 2798 6.
168 2775 205 2809 p.
224 2769 304 2805 321.

917 1914 997 1937 ιοο.
1019 1902 1248 1947 portitores]
1293 1899 1375 1937 sunt
1407 1914 1538 1950 operae

867 1959 1166 2007 publicanorum,
1203 1958 1266 2006 qui
1289 1958 1327 1992 in
1356 1969 1463 2004 portu
1490 1958 1539 1994 [e-

869 2016 1025 2057 debant,
1069 2027 1205 2050 merces
1240 2013 1467 2050 invehendas
1503 2027 1540 2052 et

868 2072 1070 2110 evehendas
1099 2070 1330 2107 excutiebant
1355 2082 1392 2107 et
1417 2084 1540 2120 porto·

866 2132 961 2165 rium
997 2128 1200 2175 exigebant.
1240 2142 1273 2163 v.
1309 2128 1412 2164 Non·-
1441 2131 1539 2166 Mar-

868 2188 950 2223 cell.
980 2201 1015 2236 p.
1044 2193 1101 2230 ²4·
1133 2199 1169 2222 et
1202 2185 1336 2221 Ernest.
1368 2187 1405 2220 in
1438 2187 1537 2223 clave

866 2246 1036 2281 Ciceron-
1055 2243 1126 2278 hac
1147 2256 1179 2280 v.
1191 2242 1368 2290 Epistol-s
1387 2243 1434 2278 ad
1457 2257 1537 2291 por-

864 2314 919 2338 tas
949 2301 1086 2337 delatas
1122 2299 1190 2335 esse
1227 2311 1326 2346 patet
1355 2302 1465 2338 etiam
1492 2316 1536 2338 ex

863 2361 982 2395 Plauti
1000 2360 1103 2394 Triu.
1123 2361 1185 2395 111.
1206 2366 1239 2400 5.
1261 2359 1316 2400 65.
1332 2361 1437 2404 apud
1449 2374 1536 2405 por-

863 2421 1016 2454 citor-em
1041 2430 1104 2453 eas
1130 2415 1344 2463 resignatas
1363 2418 1445 2462 fibi
1471 2420 1534 2454 ln·

853 2477 1073 2522 spectasque
1087 2475 1165 2520 effe.

913 2545 987 2567 101.
1017 2543 1058 2567 ut
1077 2531 1163 2566 bene
1180 2529 1237 2574 fit
1262 2529 1355 2574 tibi]
1401 2529 1534 2565 abeun-

862 2589 956 2623 tium
974 2586 1130 2623 formul·
1150 2586 1210 2625 est.
1234 2586 1350 2621 Plaut.
1369 2586 1407 2620 in
1418 2588 1530 2622 Poen-

862 2646 927 2680 IV.
954 2657 987 2680 2.
1005 2658 1062 2691 90.
1081 2645 1212 2679 valeas
1231 2645 1387 2693 beneque
1405 2657 1445 2680 uc
1462 2646 1534 2681 tibi

854 2703 922 2748 sic.
952 2715 984 2736 v.
1013 2699 1229 2736 Brin'onium
1259 2702 1304 2734 de
1333 2700 1478 2736 formul.
1502 2703 1530 2736 1.

862 2767 919 2806 74.
945 2760 1114 2795 Daunus
1146 2771 1209 2807 pet
1238 2757 1442 2794 asteismum
1479 2757 1533 2792 di-
