<?xml version="1.0" encoding="UTF-8"?>
<!DOCTYPE html PUBLIC "-//W3C//DTD XHTML 1.0 Transitional//EN"
    "http://www.w3.org/TR/xhtml1/DTD/xhtml1-transitional.dtd">
<html xmlns="http://www.w3.org/1999/xhtml" xml:lang="en" lang="en">
 <head>
  <title>
</title>
<meta http-equiv="Content-Type" content="text/html;charset=utf-8" />
  <meta name='ocr-system' content='tesseract 3.04.00' />
  <meta name='ocr-capabilities' content='ocr_page ocr_carea ocr_par ocr_line ocrx_word'/>
</head>
<body>
  <div class='ocr_page' id='page_1' title='image "./comoediaesex02tereuoft_0166.png"; bbox 0 0 1708 3106; ppageno 0'>
   <div class='ocr_carea' id='block_1_1' title="bbox 209 195 1077 246">
    <p class='ocr_par' dir='ltr' id='par_1_1' title="bbox 209 195 1077 246">
     <span class='ocr_line' id='line_1_1' title="bbox 209 195 1077 246; baseline 0.002 -2"><span class='ocrx_word' id='word_1_1' title='bbox 209 195 303 246; x_wconf 79' lang='lat'><strong>158</strong></span> <span class='ocrx_word' id='word_1_2' title='bbox 759 195 1077 246; x_wconf 81' lang='lat' dir='ltr'><strong>HECYRA.</strong></span> 
     </span>
    </p>
   </div>
   <div class='ocr_carea' id='block_1_2' title="bbox 131 329 1630 1622">
    <p class='ocr_par' dir='ltr' id='par_1_2' title="bbox 131 329 1630 1622">
     <span class='ocr_line' id='line_1_2' title="bbox 202 329 1627 400; baseline 0.004 -20"><span class='ocrx_word' id='word_1_3' title='bbox 202 336 293 381; x_wconf 81' lang='lat' dir='ltr'><strong>LA.</strong></span> <span class='ocrx_word' id='word_1_4' title='bbox 326 329 612 381; x_wconf 85' lang='lat' dir='ltr'>Videndum</span> <span class='ocrx_word' id='word_1_5' title='bbox 633 330 702 380; x_wconf 88' lang='lat' dir='ltr'><strong>est</strong></span> <span class='ocrx_word' id='word_1_6' title='bbox 730 347 795 379; x_wconf 88' lang='lat' dir='ltr'><strong>ne</strong></span> <span class='ocrx_word' id='word_1_7' title='bbox 813 332 981 382; x_wconf 88' lang='lat' dir='ltr'><strong>minus</strong></span> <span class='ocrx_word' id='word_1_8' title='bbox 1005 345 1212 400; x_wconf 83' lang='lat' dir='ltr'><strong>propter</strong></span> <span class='ocrx_word' id='word_1_9' title='bbox 1231 334 1370 384; x_wconf 61' lang='lat' dir='ltr'><strong>iram«</strong></span> <span class='ocrx_word' id='word_1_10' title='bbox 1387 331 1522 385; x_wconf 78' lang='lat' dir='ltr'><strong>hanc</strong></span> <span class='ocrx_word' id='word_1_11' title='bbox 1540 331 1627 384; x_wconf 67' lang='lat' dir='ltr'><strong>ini-</strong></span> 
     </span>
     <span class='ocr_line' id='line_1_3' title="bbox 562 400 1257 468; baseline 0.005 -21.174"><span class='ocrx_word' id='word_1_12' title='bbox 562 413 754 466; x_wconf 85' lang='lat' dir='ltr'>petrem</span> <span class='ocrx_word' id='word_1_13' title='bbox 778 403 839 460; x_wconf 77' lang='lat'><strong>72)</strong></span> <span class='ocrx_word' id='word_1_14' title='bbox 915 418 1033 449; x_wconf 82' lang='lat' dir='ltr'><strong>uam</strong></span> <span class='ocrx_word' id='word_1_15' title='bbox 1063 400 1257 468; x_wconf 87' lang='lat' dir='ltr'><strong>poffim,</strong></span> 
     </span>
     <span class='ocr_line' id='line_1_4' title="bbox 202 418 1626 537; baseline 0.005 -22"><span class='ocrx_word' id='word_1_16' title='bbox 202 467 306 519; x_wconf 88' lang='lat' dir='ltr'><strong>Aut</strong></span> <span class='ocrx_word' id='word_1_17' title='bbox 329 486 394 518; x_wconf 86' lang='lat' dir='ltr'><strong>ne</strong></span> <span class='ocrx_word' id='word_1_18' title='bbox 416 466 542 536; x_wconf 86' lang='lat' dir='ltr'><strong>quid</strong></span> <span class='ocrx_word' id='word_1_19' title='bbox 558 418 737 516; x_wconf 65' lang='lat' dir='ltr'>kpaciam</span> <span class='ocrx_word' id='word_1_20' title='bbox 761 469 824 526; x_wconf 84' lang='lat'><strong>73)</strong></span> <span class='ocrx_word' id='word_1_21' title='bbox 857 419 1096 534; x_wconf 36' lang='lat' dir='ltr'>Qqusp</span> <span class='ocrx_word' id='word_1_22' title='bbox 1043 469 1184 536; x_wconf 87' lang='lat' dir='ltr'><strong>quod</strong></span> <span class='ocrx_word' id='word_1_23' title='bbox 1208 487 1289 520; x_wconf 87' lang='lat' dir='ltr'><strong>me</strong></span> <span class='ocrx_word' id='word_1_24' title='bbox 1315 470 1429 537; x_wconf 85' lang='lat' dir='ltr'><strong>post</strong></span> <span class='ocrx_word' id='word_1_25' title='bbox 1457 471 1626 522; x_wconf 84' lang='lat' dir='ltr'><strong>minus</strong></span> 
     </span>
     <span class='ocr_line' id='line_1_5' title="bbox 561 534 986 586; baseline 0.007 -3"><span class='ocrx_word' id='word_1_26' title='bbox 561 535 721 584; x_wconf 86' lang='lat' dir='ltr'><strong>fecisse</strong></span> <span class='ocrx_word' id='word_1_27' title='bbox 742 535 896 585; x_wconf 85' lang='lat' dir='ltr'><strong>satius</strong></span> <span class='ocrx_word' id='word_1_28' title='bbox 917 534 986 586; x_wconf 89' lang='lat' dir='ltr'><strong>fit.</strong></span> 
     </span>
     <span class='ocr_line' id='line_1_6' title="bbox 157 602 1628 673; baseline 0.003 -19"><span class='ocrx_word' id='word_1_29' title='bbox 157 602 496 673; x_wconf 79' lang='lat' dir='ltr'><strong>5Aggrediar;</strong></span> <span class='ocrx_word' id='word_1_30' title='bbox 530 607 591 664; x_wconf 82' lang='grc'>74)</span> <span class='ocrx_word' id='word_1_31' title='bbox 641 602 826 652; x_wconf 87' lang='lat' dir='ltr'><strong>Bachis</strong></span> <span class='ocrx_word' id='word_1_32' title='bbox 869 603 1010 654; x_wconf 84' lang='lat' dir='ltr'><strong>salve.</strong></span> <span class='ocrx_word' id='word_1_33' title='bbox 1095 608 1192 654; x_wconf 85' lang='lat' dir='ltr'><strong>BA.</strong></span> <span class='ocrx_word' id='word_1_34' title='bbox 1243 603 1391 656; x_wconf 88' lang='lat' dir='ltr'><strong>Salve</strong></span> <span class='ocrx_word' id='word_1_35' title='bbox 1423 605 1628 658; x_wconf 75' lang='lat' dir='ltr'><strong>Laches·-</strong></span> 
     </span>
     <span class='ocr_line' id='line_1_7' title="bbox 559 670 1155 740; baseline 0.007 -22"><span class='ocrx_word' id='word_1_36' title='bbox 559 670 650 719; x_wconf 78' lang='lat' dir='ltr'><strong>LA.</strong></span> <span class='ocrx_word' id='word_1_37' title='bbox 685 670 846 720; x_wconf 88' lang='lat' dir='ltr'><strong>Credo</strong></span> <span class='ocrx_word' id='word_1_38' title='bbox 866 671 1071 740; x_wconf 84' lang='lat' dir='ltr'>edepol,</span> <span class='ocrx_word' id='word_1_39' title='bbox 1103 686 1155 722; x_wconf 84' lang='lat' dir='ltr'><strong>te</strong></span> 
     </span>
     <span class='ocr_line' id='line_1_8' title="bbox 202 738 1630 809; baseline 0 -18"><span class='ocrx_word' id='word_1_40' title='bbox 202 743 324 791; x_wconf 87' lang='lat' dir='ltr'><strong>Non</strong></span> <span class='ocrx_word' id='word_1_41' title='bbox 352 738 482 790; x_wconf 81' lang='lat' dir='ltr'>nihil</span> <span class='ocrx_word' id='word_1_42' title='bbox 512 745 572 801; x_wconf 82' lang='lat'><strong>75)</strong></span> <span class='ocrx_word' id='word_1_43' title='bbox 617 740 784 787; x_wconf 85' lang='lat' dir='ltr'>mirari</span> <span class='ocrx_word' id='word_1_44' title='bbox 811 740 1022 799; x_wconf 82' lang='lat' dir='ltr'>Bachis,</span> <span class='ocrx_word' id='word_1_45' title='bbox 1074 739 1201 808; x_wconf 88' lang='lat' dir='ltr'><strong>quid</strong></span> <span class='ocrx_word' id='word_1_46' title='bbox 1229 738 1288 790; x_wconf 81' lang='lat' dir='ltr'><strong>fit</strong></span> <span class='ocrx_word' id='word_1_47' title='bbox 1316 755 1630 809; x_wconf 84' lang='lat' dir='ltr'><strong>quapropter</strong></span> 
     </span>
     <span class='ocr_line' id='line_1_9' title="bbox 561 806 1511 875; baseline 0.004 -19"><span class='ocrx_word' id='word_1_48' title='bbox 561 821 611 856; x_wconf 87' lang='lat' dir='ltr'><strong>te</strong></span> <span class='ocrx_word' id='word_1_49' title='bbox 634 807 735 856; x_wconf 89' lang='lat' dir='ltr'><strong>huc</strong></span> <span class='ocrx_word' id='word_1_50' title='bbox 755 806 890 857; x_wconf 78' lang='lat' dir='ltr'><strong>foras</strong></span> <span class='ocrx_word' id='word_1_51' title='bbox 914 826 1132 875; x_wconf 86' lang='lat' dir='ltr'><strong>puerum</strong></span> <span class='ocrx_word' id='word_1_52' title='bbox 1153 826 1368 859; x_wconf 82' lang='lat' dir='ltr'><strong>evocare</strong></span> <span class='ocrx_word' id='word_1_53' title='bbox 1388 808 1511 860; x_wconf 82' lang='lat' dir='ltr'><strong>iuffi.</strong></span> 
     </span>
     <span class='ocr_line' id='line_1_10' title="bbox 202 873 1630 953; baseline 0.001 -26"><span class='ocrx_word' id='word_1_54' title='bbox 202 881 300 927; x_wconf 90' lang='lat' dir='ltr'><strong>BA.</strong></span> <span class='ocrx_word' id='word_1_55' title='bbox 322 880 426 944; x_wconf 87' lang='lat' dir='ltr'><strong>Ego</strong></span> <span class='ocrx_word' id='word_1_56' title='bbox 449 873 536 943; x_wconf 86' lang='lat' dir='ltr'><strong>pol</strong></span> <span class='ocrx_word' id='word_1_57' title='bbox 555 892 766 953; x_wconf 90' lang='lat' dir='ltr'><strong>quoque</strong></span> <span class='ocrx_word' id='word_1_58' title='bbox 793 877 945 924; x_wconf 88' lang='lat' dir='ltr'><strong>etiam</strong></span> <span class='ocrx_word' id='word_1_59' title='bbox 975 875 1153 925; x_wconf 81' lang='lat' dir='ltr'><strong>timida</strong></span> <span class='ocrx_word' id='word_1_60' title='bbox 1183 878 1311 934; x_wconf 87' lang='lat' dir='ltr'>sum,</span> <span class='ocrx_word' id='word_1_61' title='bbox 1343 894 1462 926; x_wconf 87' lang='lat' dir='ltr'><strong>cum</strong></span> <span class='ocrx_word' id='word_1_62' title='bbox 1489 878 1630 930; x_wconf 76' lang='lat' dir='ltr'><strong>venit</strong></span> 
     </span>
     <span class='ocr_line' id='line_1_11' title="bbox 558 941 1358 1012; baseline 0.004 -21"><span class='ocrx_word' id='word_1_63' title='bbox 558 942 713 992; x_wconf 83' lang='lat' dir='ltr'>mihi</span> <span class='ocrx_word' id='word_1_64' title='bbox 700 961 754 991; x_wconf 88' lang='lat' dir='ltr'>m</span> <span class='ocrx_word' id='word_1_65' title='bbox 773 958 991 993; x_wconf 84' lang='lat' dir='ltr'><strong>mentem</strong></span> <span class='ocrx_word' id='word_1_66' title='bbox 1016 962 1150 1012; x_wconf 88' lang='lat' dir='ltr'><strong>quae</strong></span> <span class='ocrx_word' id='word_1_67' title='bbox 1172 943 1270 994; x_wconf 87' lang='lat' dir='ltr'><strong>fim.</strong></span> <span class='ocrx_word' id='word_1_68' title='bbox 1293 941 1358 1004; x_wconf 76' lang='grc'>76)</span> 
     </span>
     <span class='ocr_line' id='line_1_12' title="bbox 199 1012 1629 1079; baseline -0.001 -15"><span class='ocrx_word' id='word_1_69' title='bbox 199 1016 282 1064; x_wconf 87' lang='lat' dir='ltr'><strong>Ne</strong></span> <span class='ocrx_word' id='word_1_70' title='bbox 302 1030 488 1062; x_wconf 84' lang='lat' dir='ltr'><strong>nomen</strong></span> <span class='ocrx_word' id='word_1_71' title='bbox 507 1017 567 1074; x_wconf 89' lang='grc'><strong>77)</strong></span> <span class='ocrx_word' id='word_1_72' title='bbox 595 1014 634 1070; x_wconf 81' lang='grc'><strong>*)</strong></span> <span class='ocrx_word' id='word_1_73' title='bbox 669 1012 908 1079; x_wconf 81' lang='lat' dir='ltr'><strong>quaestus</strong></span> <span class='ocrx_word' id='word_1_74' title='bbox 929 1012 1101 1063; x_wconf 85' lang='lat' dir='ltr'><strong>obstet.</strong></span> <span class='ocrx_word' id='word_1_75' title='bbox 1138 1015 1274 1065; x_wconf 85' lang='lat' dir='ltr'><strong>Nam</strong></span> <span class='ocrx_word' id='word_1_76' title='bbox 1294 1030 1462 1063; x_wconf 85' lang='lat' dir='ltr'><strong>mores</strong></span> <span class='ocrx_word' id='word_1_77' title='bbox 1481 1012 1629 1063; x_wconf 79' lang='lat' dir='ltr'><strong>facile</strong></span> 
     </span>
     <span class='ocr_line' id='line_1_13' title="bbox 558 1085 803 1138; baseline -0.004 -10"><span class='ocrx_word' id='word_1_78' title='bbox 558 1093 711 1129; x_wconf 85' lang='lat' dir='ltr'><strong>tutor.</strong></span> <span class='ocrx_word' id='word_1_79' title='bbox 742 1085 803 1138; x_wconf 89' lang='grc'><strong>78)</strong></span> 
     </span>
     <span class='ocr_line' id='line_1_14' title="bbox 197 1145 1627 1214; baseline 0.001 -16"><span class='ocrx_word' id='word_1_80' title='bbox 197 1148 289 1198; x_wconf 92' lang='lat' dir='ltr'><strong>LA.</strong></span> <span class='ocrx_word' id='word_1_81' title='bbox 310 1149 362 1199; x_wconf 85' lang='lat' dir='ltr'><strong>Si</strong></span> <span class='ocrx_word' id='word_1_82' title='bbox 382 1165 501 1199; x_wconf 84' lang='lat' dir='ltr'><strong>vera</strong></span> <span class='ocrx_word' id='word_1_83' title='bbox 521 1147 646 1198; x_wconf 84' lang='lat' dir='ltr'>dicis</span> <span class='ocrx_word' id='word_1_84' title='bbox 661 1145 725 1210; x_wconf 89' lang='grc'><strong>79)</strong></span> <span class='ocrx_word' id='word_1_85' title='bbox 751 1146 877 1197; x_wconf 87' lang='lat' dir='ltr'><strong>nihil</strong></span> <span class='ocrx_word' id='word_1_86' title='bbox 897 1147 988 1196; x_wconf 85' lang='lat' dir='ltr'><strong>tibi</strong></span> <span class='ocrx_word' id='word_1_87' title='bbox 1008 1148 1078 1197; x_wconf 85' lang='lat' dir='ltr'><strong>est</strong></span> <span class='ocrx_word' id='word_1_88' title='bbox 1096 1165 1129 1196; x_wconf 81' lang='lat' dir='ltr'>a</span> <span class='ocrx_word' id='word_1_89' title='bbox 1145 1165 1224 1197; x_wconf 89' lang='lat' dir='ltr'><strong>me</strong></span> <span class='ocrx_word' id='word_1_90' title='bbox 1242 1147 1418 1214; x_wconf 86' lang='lat' dir='ltr'><strong>pericli</strong></span> <span class='ocrx_word' id='word_1_91' title='bbox 1435 1147 1627 1200; x_wconf 60' lang='lat' dir='ltr'><strong>mulien</strong></span> 
     </span>
     <span class='ocr_line' id='line_1_15' title="bbox 131 1213 1629 1309; baseline -0.001 -40"><span class='ocrx_word' id='word_1_92' title='bbox 131 1240 181 1268; x_wconf 81' lang='grc' dir='ltr'><strong>ιο</strong></span> <span class='ocrx_word' id='word_1_93' title='bbox 197 1218 362 1269; x_wconf 85' lang='lat' dir='ltr'>Nam&#39;</span> <span class='ocrx_word' id='word_1_94' title='bbox 349 1234 448 1266; x_wconf 84' lang='lat' dir='ltr'><strong>1am</strong></span> <span class='ocrx_word' id='word_1_95' title='bbox 472 1229 638 1265; x_wconf 85' lang='lat' dir='ltr'><strong>aetate</strong></span> <span class='ocrx_word' id='word_1_96' title='bbox 661 1233 723 1264; x_wconf 83' lang='lat' dir='ltr'><strong>ea</strong></span> <span class='ocrx_word' id='word_1_97' title='bbox 741 1216 859 1275; x_wconf 83' lang='lat' dir='ltr'>sum,</span> <span class='ocrx_word' id='word_1_98' title='bbox 895 1230 953 1265; x_wconf 86' lang='lat' dir='ltr'><strong>ut</strong></span> <span class='ocrx_word' id='word_1_99' title='bbox 971 1233 1075 1266; x_wconf 88' lang='lat' dir='ltr'><strong>nou</strong></span> <span class='ocrx_word' id='word_1_100' title='bbox 1096 1213 1183 1265; x_wconf 88' lang='lat' dir='ltr'><strong>fiet</strong></span> <span class='ocrx_word' id='word_1_101' title='bbox 1198 1230 1413 1283; x_wconf 85' lang='lat' dir='ltr'><strong>peccato</strong></span> <span class='ocrx_word' id='word_1_102' title='bbox 1432 1216 1554 1268; x_wconf 85' lang='lat' dir='ltr'>mihi</span> <span class='ocrx_word' id='word_1_103' title='bbox 1565 1223 1629 1309; x_wconf 71' lang='grc'><strong>80)</strong></span> 
     </span>
     <span class='ocr_line' id='line_1_16' title="bbox 557 1284 1091 1362; baseline -0.002 -30"><span class='ocrx_word' id='word_1_104' title='bbox 557 1284 744 1349; x_wconf 83' lang='lat' dir='ltr'>ignosci</span> <span class='ocrx_word' id='word_1_105' title='bbox 765 1301 1001 1351; x_wconf 81' lang='lat' dir='ltr'><strong>aequum.</strong></span> <span class='ocrx_word' id='word_1_106' title='bbox 1024 1286 1091 1362; x_wconf 71' lang='grc' dir='ltr'><strong>8ῐ)</strong></span> 
     </span>
     <span class='ocr_line' id='line_1_17' title="bbox 197 1353 1628 1421; baseline 0.001 -18"><span class='ocrx_word' id='word_1_107' title='bbox 197 1357 314 1421; x_wconf 77' lang='lat' dir='ltr'><strong>Quo</strong></span> <span class='ocrx_word' id='word_1_108' title='bbox 334 1353 491 1419; x_wconf 78' lang='lat' dir='ltr'>magis</span> <span class='ocrx_word' id='word_1_109' title='bbox 517 1353 583 1410; x_wconf 82' lang='lat'><strong>8²)</strong></span> <span class='ocrx_word' id='word_1_110' title='bbox 612 1369 692 1400; x_wconf 88' lang='lat' dir='ltr'><strong>res</strong></span> <span class='ocrx_word' id='word_1_111' title='bbox 716 1369 892 1401; x_wconf 88' lang='lat' dir='ltr'><strong>omnes</strong></span> <span class='ocrx_word' id='word_1_112' title='bbox 913 1353 1115 1402; x_wconf 81' lang='lat' dir='ltr'><strong>cautius</strong></span> <span class='ocrx_word' id='word_1_113' title='bbox 1139 1370 1204 1402; x_wconf 90' lang='lat' dir='ltr'><strong>ne</strong></span> <span class='ocrx_word' id='word_1_114' title='bbox 1235 1365 1423 1403; x_wconf 88' lang='lat' dir='ltr'><strong>temere</strong></span> <span class='ocrx_word' id='word_1_115' title='bbox 1443 1353 1628 1404; x_wconf 83' lang='lat' dir='ltr'>faciam</span> 
     </span>
     <span class='ocr_line' id='line_1_18' title="bbox 557 1423 847 1480; baseline 0 -12"><span class='ocrx_word' id='word_1_116' title='bbox 557 1437 759 1469; x_wconf 88' lang='lat' dir='ltr'><strong>accuro.</strong></span> <span class='ocrx_word' id='word_1_117' title='bbox 783 1423 847 1480; x_wconf 78' lang='grc'><strong>85)</strong></span> 
     </span>
     <span class='ocr_line' id='line_1_19' title="bbox 193 1486 1627 1559; baseline -0.001 -17"><span class='ocrx_word' id='word_1_118' title='bbox 193 1493 328 1542; x_wconf 82' lang='lat' dir='ltr'><strong>Nam</strong></span> <span class='ocrx_word' id='word_1_119' title='bbox 348 1487 383 1538; x_wconf 87' lang='lat' dir='ltr'><strong>fi</strong></span> <span class='ocrx_word' id='word_1_120' title='bbox 405 1488 455 1539; x_wconf 85' lang='lat' dir='ltr'><strong>id</strong></span> <span class='ocrx_word' id='word_1_121' title='bbox 476 1506 613 1538; x_wconf 88' lang='lat' dir='ltr'><strong>nunc</strong></span> <span class='ocrx_word' id='word_1_122' title='bbox 634 1489 676 1546; x_wconf 92' lang='lat'><strong>*)</strong></span> <span class='ocrx_word' id='word_1_123' title='bbox 709 1487 855 1547; x_wconf 83' lang='lat' dir='ltr'><strong>facis,</strong></span> <span class='ocrx_word' id='word_1_124' title='bbox 896 1487 1156 1538; x_wconf 85' lang='lat' dir='ltr'><strong>facturave</strong></span> <span class='ocrx_word' id='word_1_125' title='bbox 1179 1505 1256 1547; x_wconf 87' lang='lat' dir='ltr'><strong>es,</strong></span> <span class='ocrx_word' id='word_1_126' title='bbox 1286 1486 1454 1540; x_wconf 87' lang='lat' dir='ltr'><strong>bonas</strong></span> <span class='ocrx_word' id='word_1_127' title='bbox 1482 1488 1627 1559; x_wconf 85' lang='lat' dir='ltr'><strong>quod</strong></span> 
     </span>
     <span class='ocr_line' id='line_1_20' title="bbox 552 1555 1613 1622; baseline 0.003 -18"><span class='ocrx_word' id='word_1_128' title='bbox 552 1574 647 1622; x_wconf 87' lang='lat' dir='ltr'><strong>par</strong></span> <span class='ocrx_word' id='word_1_129' title='bbox 668 1555 734 1618; x_wconf 79' lang='grc'><strong>84)</strong></span> <span class='ocrx_word' id='word_1_130' title='bbox 772 1557 841 1606; x_wconf 86' lang='lat' dir='ltr'><strong>est</strong></span> <span class='ocrx_word' id='word_1_131' title='bbox 860 1556 1038 1617; x_wconf 62' lang='lat' dir='ltr'><strong>facere3</strong></span> <span class='ocrx_word' id='word_1_132' title='bbox 1058 1558 1290 1611; x_wconf 86' lang='lat' dir='ltr'><strong>inscitum</strong></span> <span class='ocrx_word' id='word_1_133' title='bbox 1309 1562 1376 1619; x_wconf 81' lang='lat'><strong>85)</strong></span> <span class='ocrx_word' id='word_1_134' title='bbox 1424 1584 1428 1588; x_wconf 86' lang='lat'><em>-</em></span> <span class='ocrx_word' id='word_1_135' title='bbox 1607 1580 1613 1582; x_wconf 89' lang='grc'><strong>-</strong></span> 
     </span>
    </p>
   </div>
   <div class='ocr_carea' id='block_1_3' title="bbox 253 1676 1625 1898">
    <p class='ocr_par' dir='ltr' id='par_1_3' title="bbox 253 1676 1625 1898">
     <span class='ocr_line' id='line_1_21' title="bbox 253 1676 1625 1733; baseline -0.001 -17"><span class='ocrx_word' id='word_1_136' title='bbox 253 1682 319 1729; x_wconf 67' lang='grc'><strong>72)</strong></span> <span class='ocrx_word' id='word_1_137' title='bbox 345 1678 549 1716; x_wconf 79' lang='lat' dir='ltr'><strong>aBachide</strong></span> <span class='ocrx_word' id='word_1_138' title='bbox 595 1680 660 1725; x_wconf 83' lang='lat'><strong>73)</strong></span> <span class='ocrx_word' id='word_1_139' title='bbox 688 1678 801 1714; x_wconf 87' lang='lat' dir='ltr'><strong>modo</strong></span> <span class='ocrx_word' id='word_1_140' title='bbox 857 1682 923 1724; x_wconf 80' lang='grc'><strong>74)</strong></span> <span class='ocrx_word' id='word_1_141' title='bbox 941 1677 1044 1712; x_wconf 83' lang='lat' dir='ltr'>illam</span> <span class='ocrx_word' id='word_1_142' title='bbox 1098 1681 1159 1724; x_wconf 78' lang='lat'><strong>75)</strong></span> <span class='ocrx_word' id='word_1_143' title='bbox 1186 1676 1247 1712; x_wconf 80' lang='lat' dir='ltr'><strong>sed</strong></span> <span class='ocrx_word' id='word_1_144' title='bbox 1267 1677 1410 1727; x_wconf 77' lang='lat' dir='ltr'>aliquid</span> <span class='ocrx_word' id='word_1_145' title='bbox 1462 1680 1529 1727; x_wconf 85' lang='lat'><strong>76)</strong></span> <span class='ocrx_word' id='word_1_146' title='bbox 1549 1693 1625 1733; x_wconf 65' lang='lat'>¹¹²0,-</span> 
     </span>
     <span class='ocr_line' id='line_1_22' title="bbox 299 1734 1623 1786; baseline 0 -13"><span class='ocrx_word' id='word_1_147' title='bbox 299 1739 409 1774; x_wconf 81' lang='lat' dir='ltr'><strong>retrix</strong></span> <span class='ocrx_word' id='word_1_148' title='bbox 456 1739 520 1783; x_wconf 82' lang='lat'><strong>77)</strong></span> <span class='ocrx_word' id='word_1_149' title='bbox 547 1736 639 1771; x_wconf 86' lang='lat' dir='ltr'>mihi</span> <span class='ocrx_word' id='word_1_150' title='bbox 666 1735 865 1772; x_wconf 74' lang='lat' dir='ltr'><strong>meretricis</strong></span> <span class='ocrx_word' id='word_1_151' title='bbox 913 1735 946 1779; x_wconf 89' lang='lat'><strong>*)</strong></span> <span class='ocrx_word' id='word_1_152' title='bbox 970 1736 1064 1771; x_wconf 80' lang='lat' dir='ltr'><strong>edic.</strong></span> <span class='ocrx_word' id='word_1_153' title='bbox 1100 1736 1190 1772; x_wconf 80' lang='lat' dir='ltr'><strong>add.</strong></span> <span class='ocrx_word' id='word_1_154' title='bbox 1218 1734 1312 1770; x_wconf 84' lang='lat' dir='ltr'>mihi</span> <span class='ocrx_word' id='word_1_155' title='bbox 1376 1741 1436 1783; x_wconf 86' lang='grc'><strong>78)</strong></span> <span class='ocrx_word' id='word_1_156' title='bbox 1466 1735 1623 1786; x_wconf 77' lang='lat' dir='ltr'><strong>dispono</strong></span> 
     </span>
     <span class='ocr_line' id='line_1_23' title="bbox 299 1790 1624 1841; baseline 0 -12"><span class='ocrx_word' id='word_1_157' title='bbox 299 1795 364 1841; x_wconf 86' lang='lat'><strong>79)</strong></span> <span class='ocrx_word' id='word_1_158' title='bbox 401 1794 501 1841; x_wconf 86' lang='lat' dir='ltr'><strong>quod</strong></span> <span class='ocrx_word' id='word_1_159' title='bbox 530 1805 568 1829; x_wconf 89' lang='lat' dir='ltr'><strong>tu</strong></span> <span class='ocrx_word' id='word_1_160' title='bbox 598 1807 715 1828; x_wconf 77' lang='lat' dir='ltr'><strong>mores</strong></span> <span class='ocrx_word' id='word_1_161' title='bbox 742 1793 860 1828; x_wconf 82' lang='lat' dir='ltr'><strong>bonos</strong></span> <span class='ocrx_word' id='word_1_162' title='bbox 897 1790 1035 1826; x_wconf 74' lang='lat' dir='ltr'><strong>habeas</strong></span> <span class='ocrx_word' id='word_1_163' title='bbox 1095 1795 1155 1832; x_wconf 80' lang='lat'><strong>80)</strong></span> <span class='ocrx_word' id='word_1_164' title='bbox 1189 1805 1209 1826; x_wconf 84' lang='lat' dir='ltr'>a</span> <span class='ocrx_word' id='word_1_165' title='bbox 1236 1806 1296 1827; x_wconf 81' lang='lat' dir='ltr'><strong>me</strong></span> <span class='ocrx_word' id='word_1_166' title='bbox 1367 1795 1434 1838; x_wconf 81' lang='lat'><strong>81)</strong></span> <span class='ocrx_word' id='word_1_167' title='bbox 1469 1793 1624 1841; x_wconf 80' lang='lat' dir='ltr'><strong>dignum</strong></span> 
     </span>
     <span class='ocr_line' id='line_1_24' title="bbox 297 1847 1620 1898; baseline 0.002 -14"><span class='ocrx_word' id='word_1_168' title='bbox 297 1852 364 1896; x_wconf 80' lang='lat'><strong>32)</strong></span> <span class='ocrx_word' id='word_1_169' title='bbox 396 1860 618 1897; x_wconf 83' lang='lat' dir='ltr'><strong>quapropter</strong></span> <span class='ocrx_word' id='word_1_170' title='bbox 677 1854 736 1893; x_wconf 81' lang='lat'><strong>83)</strong></span> <span class='ocrx_word' id='word_1_171' title='bbox 769 1847 946 1898; x_wconf 84' lang='lat' dir='ltr'><strong>provideo</strong></span> <span class='ocrx_word' id='word_1_172' title='bbox 1010 1848 1047 1894; x_wconf 61' lang='lat'><strong>⁴³)</strong></span> <span class='ocrx_word' id='word_1_173' title='bbox 1071 1850 1163 1885; x_wconf 79' lang='lat' dir='ltr'><strong>edic.</strong></span> <span class='ocrx_word' id='word_1_174' title='bbox 1190 1853 1312 1885; x_wconf 75' lang='lat' dir='ltr'><strong>omitt.</strong></span> <span class='ocrx_word' id='word_1_175' title='bbox 1338 1853 1620 1898; x_wconf 62' lang='lat' dir='ltr'><strong>nuucjmprob,</strong></span> 
     </span>
    </p>
   </div>
   <div class='ocr_carea' id='block_1_4' title="bbox 300 1905 1013 1953">
    <p class='ocr_par' dir='ltr' id='par_1_4' title="bbox 300 1905 1013 1953">
     <span class='ocr_line' id='line_1_25' title="bbox 300 1905 1013 1953; baseline -0.007 -8"><span class='ocrx_word' id='word_1_176' title='bbox 300 1909 423 1945; x_wconf 84' lang='lat' dir='ltr'><strong>Bencl.</strong></span> <span class='ocrx_word' id='word_1_177' title='bbox 471 1907 537 1953; x_wconf 76' lang='grc'><strong>84)</strong></span> <span class='ocrx_word' id='word_1_178' title='bbox 563 1906 716 1952; x_wconf 82' lang='lat' dir='ltr'>dignum</span> <span class='ocrx_word' id='word_1_179' title='bbox 763 1906 829 1953; x_wconf 81' lang='lat'><strong>85)</strong></span> <span class='ocrx_word' id='word_1_180' title='bbox 852 1905 1013 1941; x_wconf 80' lang='lat' dir='ltr'><strong>stultum.</strong></span> 
     </span>
    </p>
   </div>
   <div class='ocr_carea' id='block_1_5' title="bbox 809 1998 989 2011">
    <p class='ocr_par' dir='ltr' id='par_1_5' title="bbox 809 1998 989 2011">
     <span class='ocr_line' id='line_1_26' title="bbox 809 1998 989 2011; baseline 0 0"><span class='ocrx_word' id='word_1_181' title='bbox 809 1998 989 2011; x_wconf 95' lang='lat' dir='ltr'><strong> </strong></span> 
     </span>
    </p>
   </div>
   <div class='ocr_carea' id='block_1_6' title="bbox 183 2051 1618 2843">
    <p class='ocr_par' dir='ltr' id='par_1_6' title="bbox 189 2051 1618 2220">
     <span class='ocr_line' id='line_1_27' title="bbox 236 2051 1618 2104; baseline 0.002 -13"><span class='ocrx_word' id='word_1_182' title='bbox 236 2059 272 2101; x_wconf 72' lang='lat'><strong>4,</strong></span> <span class='ocrx_word' id='word_1_183' title='bbox 295 2069 341 2091; x_wconf 78' lang='lat' dir='ltr'><strong>ne</strong></span> <span class='ocrx_word' id='word_1_184' title='bbox 361 2056 454 2104; x_wconf 80' lang='lat' dir='ltr'><em>quid</em></span> <span class='ocrx_word' id='word_1_185' title='bbox 469 2057 738 2100; x_wconf 62' lang='lat' dir='ltr'><strong>plus-faciam]</strong></span> <span class='ocrx_word' id='word_1_186' title='bbox 786 2054 812 2089; x_wconf 88' lang='lat' dir='ltr'><strong>i.</strong></span> <span class='ocrx_word' id='word_1_187' title='bbox 835 2067 867 2090; x_wconf 85' lang='lat' dir='ltr'><strong>e.</strong></span> <span class='ocrx_word' id='word_1_188' title='bbox 943 2052 1073 2088; x_wconf 75' lang='lat' dir='ltr'><strong>fuerat.</strong></span> <span class='ocrx_word' id='word_1_189' title='bbox 1118 2051 1317 2088; x_wconf 73' lang='lat' dir='ltr'>Siminina</span> <span class='ocrx_word' id='word_1_190' title='bbox 1338 2053 1389 2089; x_wconf 83' lang='lat' dir='ltr'><strong>est</strong></span> <span class='ocrx_word' id='word_1_191' title='bbox 1406 2055 1500 2091; x_wconf 74' lang='lat' dir='ltr'><strong>ratio</strong></span> <span class='ocrx_word' id='word_1_192' title='bbox 1512 2056 1618 2093; x_wconf 77' lang='lat' dir='ltr'><strong>Cice-</strong></span> 
     </span>
     <span class='ocr_line' id='line_1_28' title="bbox 190 2109 1614 2162; baseline 0.001 -15"><span class='ocrx_word' id='word_1_193' title='bbox 190 2124 237 2148; x_wconf 84' lang='lat' dir='ltr'><strong>ne</strong></span> <span class='ocrx_word' id='word_1_194' title='bbox 268 2112 392 2148; x_wconf 72' lang='lat' dir='ltr'>durius</span> <span class='ocrx_word' id='word_1_195' title='bbox 423 2126 507 2147; x_wconf 86' lang='lat' dir='ltr'><strong>cum</strong></span> <span class='ocrx_word' id='word_1_196' title='bbox 529 2126 570 2148; x_wconf 82' lang='lat' dir='ltr'><strong>ea</strong></span> <span class='ocrx_word' id='word_1_197' title='bbox 601 2126 727 2159; x_wconf 75' lang='lat' dir='ltr'>agam,</span> <span class='ocrx_word' id='word_1_198' title='bbox 765 2110 867 2160; x_wconf 86' lang='lat' dir='ltr'><strong>quod</strong></span> <span class='ocrx_word' id='word_1_199' title='bbox 942 2109 1097 2144; x_wconf 72' lang='lat' dir='ltr'><strong>toninna</strong></span> <span class='ocrx_word' id='word_1_200' title='bbox 1123 2121 1235 2154; x_wconf 75' lang='lat' dir='ltr'><strong>agrar.</strong></span> <span class='ocrx_word' id='word_1_201' title='bbox 1261 2111 1307 2145; x_wconf 89' lang='lat'><strong>11.</strong></span> <span class='ocrx_word' id='word_1_202' title='bbox 1337 2123 1371 2146; x_wconf 81' lang='lat'><strong>2.</strong></span> <span class='ocrx_word' id='word_1_203' title='bbox 1399 2116 1463 2160; x_wconf 76' lang='grc' dir='ltr'><strong>σμί</strong></span> <span class='ocrx_word' id='word_1_204' title='bbox 1486 2127 1614 2162; x_wconf 53' lang='lat' dir='ltr'><strong>errato</strong></span> 
     </span>
     <span class='ocr_line' id='line_1_29' title="bbox 189 2168 1616 2220; baseline 0.003 -16"><span class='ocrx_word' id='word_1_205' title='bbox 189 2169 270 2217; x_wconf 80' lang='lat' dir='ltr'><strong>post</strong></span> <span class='ocrx_word' id='word_1_206' title='bbox 291 2183 348 2204; x_wconf 84' lang='lat' dir='ltr'><strong>me</strong></span> <span class='ocrx_word' id='word_1_207' title='bbox 368 2168 490 2204; x_wconf 80' lang='lat' dir='ltr'><strong>fecisse</strong></span> <span class='ocrx_word' id='word_1_208' title='bbox 510 2172 709 2217; x_wconf 75' lang='lat' dir='ltr'><strong>poeniteat.</strong></span> <span class='ocrx_word' id='word_1_209' title='bbox 942 2169 1053 2203; x_wconf 84' lang='lat' dir='ltr'><em>nulla</em></span> <span class='ocrx_word' id='word_1_210' title='bbox 1068 2169 1204 2205; x_wconf 75' lang='lat' dir='ltr'><strong>venia,</strong></span> <span class='ocrx_word' id='word_1_211' title='bbox 1220 2179 1318 2204; x_wconf 77' lang='lat' dir='ltr'><strong>recte</strong></span> <span class='ocrx_word' id='word_1_212' title='bbox 1332 2169 1452 2212; x_wconf 76' lang='lat' dir='ltr'><strong>facto,</strong></span> <span class='ocrx_word' id='word_1_213' title='bbox 1472 2175 1616 2220; x_wconf 70' lang='lat' dir='ltr'><strong>exigua</strong></span> 
     </span>
    </p>

    <p class='ocr_par' dir='ltr' id='par_1_7' title="bbox 183 2226 1615 2502">
     <span class='ocr_line' id='line_1_30' title="bbox 234 2226 1615 2275; baseline 0.003 -15"><span class='ocrx_word' id='word_1_214' title='bbox 234 2235 269 2268; x_wconf 82' lang='lat'><strong>8.</strong></span> <span class='ocrx_word' id='word_1_215' title='bbox 300 2241 417 2262; x_wconf 81' lang='lat' dir='ltr'><strong>mores</strong></span> <span class='ocrx_word' id='word_1_216' title='bbox 434 2228 561 2271; x_wconf 79' lang='lat' dir='ltr'><em>facile</em></span> <span class='ocrx_word' id='word_1_217' title='bbox 586 2229 717 2275; x_wconf 77' lang='lat' dir='ltr'><strong>tutor]</strong></span> <span class='ocrx_word' id='word_1_218' title='bbox 775 2229 801 2263; x_wconf 90' lang='lat' dir='ltr'><strong>i.</strong></span> <span class='ocrx_word' id='word_1_219' title='bbox 833 2241 865 2263; x_wconf 85' lang='lat' dir='ltr'><strong>e.</strong></span> <span class='ocrx_word' id='word_1_220' title='bbox 940 2226 1027 2260; x_wconf 81' lang='lat' dir='ltr'><em>laus</em></span> <span class='ocrx_word' id='word_1_221' title='bbox 1055 2227 1293 2268; x_wconf 79' lang='lat' dir='ltr'><strong>proponitur.</strong></span> <span class='ocrx_word' id='word_1_222' title='bbox 1319 2237 1351 2259; x_wconf 87' lang='lat' dir='ltr'><strong>v.</strong></span> <span class='ocrx_word' id='word_1_223' title='bbox 1375 2226 1538 2263; x_wconf 84' lang='lat' dir='ltr'><strong>Perizon.</strong></span> <span class='ocrx_word' id='word_1_224' title='bbox 1565 2231 1615 2266; x_wconf 81' lang='lat' dir='ltr'><strong>ad</strong></span> 
     </span>
     <span class='ocr_line' id='line_1_31' title="bbox 187 2280 1613 2334; baseline 0.001 -15"><span class='ocrx_word' id='word_1_225' title='bbox 187 2296 306 2326; x_wconf 79' lang='lat' dir='ltr'><strong>mores</strong></span> <span class='ocrx_word' id='word_1_226' title='bbox 328 2283 398 2317; x_wconf 84' lang='lat' dir='ltr'><strong>mei</strong></span> <span class='ocrx_word' id='word_1_227' title='bbox 419 2283 499 2319; x_wconf 89' lang='lat' dir='ltr'><strong>sunt</strong></span> <span class='ocrx_word' id='word_1_228' title='bbox 518 2286 721 2325; x_wconf 81' lang='lat' dir='ltr'><strong>eiusmodi,</strong></span> <span class='ocrx_word' id='word_1_229' title='bbox 755 2295 795 2321; x_wconf 89' lang='lat' dir='ltr'><strong>ut</strong></span> <span class='ocrx_word' id='word_1_230' title='bbox 814 2284 868 2319; x_wconf 72' lang='lat' dir='ltr'><strong>fa·</strong></span> <span class='ocrx_word' id='word_1_231' title='bbox 939 2280 977 2315; x_wconf 86' lang='lat' dir='ltr'><strong>S·</strong></span> <span class='ocrx_word' id='word_1_232' title='bbox 1006 2280 1159 2315; x_wconf 77' lang='lat' dir='ltr'><strong>Minerv-</strong></span> <span class='ocrx_word' id='word_1_233' title='bbox 1189 2282 1254 2315; x_wconf 88' lang='lat' dir='ltr'><strong>IV·</strong></span> <span class='ocrx_word' id='word_1_234' title='bbox 1283 2287 1318 2326; x_wconf 84' lang='lat'><strong>4.</strong></span> <span class='ocrx_word' id='word_1_235' title='bbox 1350 2281 1451 2318; x_wconf 76' lang='lat' dir='ltr'><strong>Nota</strong></span> <span class='ocrx_word' id='word_1_236' title='bbox 1480 2285 1538 2327; x_wconf 76' lang='lat'><strong>86.</strong></span> <span class='ocrx_word' id='word_1_237' title='bbox 1575 2299 1613 2334; x_wconf 87' lang='lat' dir='ltr'><strong>p.</strong></span> 
     </span>
     <span class='ocr_line' id='line_1_32' title="bbox 185 2338 1022 2389; baseline 0 -15"><span class='ocrx_word' id='word_1_238' title='bbox 185 2340 257 2375; x_wconf 85' lang='lat' dir='ltr'><strong>cile</strong></span> <span class='ocrx_word' id='word_1_239' title='bbox 294 2353 355 2375; x_wconf 83' lang='lat' dir='ltr'><strong>eos</strong></span> <span class='ocrx_word' id='word_1_240' title='bbox 391 2340 587 2376; x_wconf 77' lang='lat' dir='ltr'><strong>desendere</strong></span> <span class='ocrx_word' id='word_1_241' title='bbox 621 2341 773 2389; x_wconf 85' lang='lat' dir='ltr'><strong>poffirn,</strong></span> <span class='ocrx_word' id='word_1_242' title='bbox 823 2343 863 2378; x_wconf 82' lang='lat' dir='ltr'><strong>iu</strong></span> <span class='ocrx_word' id='word_1_243' title='bbox 938 2338 1022 2384; x_wconf 82' lang='lat'><strong>619·</strong></span> 
     </span>
     <span class='ocr_line' id='line_1_33' title="bbox 183 2396 1612 2447; baseline 0.005 -16"><span class='ocrx_word' id='word_1_244' title='bbox 183 2397 348 2433; x_wconf 80' lang='lat' dir='ltr'><strong>moribus</strong></span> <span class='ocrx_word' id='word_1_245' title='bbox 385 2398 475 2433; x_wconf 75' lang='lat' dir='ltr'><strong>meis</strong></span> <span class='ocrx_word' id='word_1_246' title='bbox 509 2398 607 2433; x_wconf 86' lang='lat' dir='ltr'>nihil</span> <span class='ocrx_word' id='word_1_247' title='bbox 642 2398 862 2447; x_wconf 83' lang='lat' dir='ltr'><strong>reprehendi</strong></span> <span class='ocrx_word' id='word_1_248' title='bbox 987 2406 1041 2430; x_wconf 79' lang='lat'><strong>¹¹·</strong></span> <span class='ocrx_word' id='word_1_249' title='bbox 1088 2396 1212 2442; x_wconf 60' lang='lat' dir='ltr'><strong>magi-¹·</strong></span> <span class='ocrx_word' id='word_1_250' title='bbox 1247 2398 1416 2438; x_wconf 62' lang='lat' dir='ltr'><strong>cautius]</strong></span> <span class='ocrx_word' id='word_1_251' title='bbox 1487 2403 1612 2447; x_wconf 70' lang='lat' dir='ltr'><em>magis</em></span> 
     </span>
     <span class='ocr_line' id='line_1_34' title="bbox 183 2452 1614 2502; baseline 0.003 -13"><span class='ocrx_word' id='word_1_252' title='bbox 183 2454 314 2502; x_wconf 85' lang='lat' dir='ltr'><strong>potest.</strong></span> <span class='ocrx_word' id='word_1_253' title='bbox 936 2452 1042 2499; x_wconf 74' lang='lat' dir='ltr'><strong>saepe</strong></span> <span class='ocrx_word' id='word_1_254' title='bbox 1071 2465 1136 2501; x_wconf 87' lang='lat' dir='ltr'><strong>per</strong></span> <span class='ocrx_word' id='word_1_255' title='bbox 1168 2452 1423 2500; x_wconf 74' lang='lat' dir='ltr'><strong>pleonasmum</strong></span> <span class='ocrx_word' id='word_1_256' title='bbox 1449 2453 1614 2502; x_wconf 75' lang='lat' dir='ltr'><strong>iungitur</strong></span> 
     </span>
    </p>

    <p class='ocr_par' dir='ltr' id='par_1_8' title="bbox 183 2509 1612 2843">
     <span class='ocr_line' id='line_1_35' title="bbox 235 2509 1612 2558; baseline 0.003 -13"><span class='ocrx_word' id='word_1_257' title='bbox 235 2524 289 2545; x_wconf 84' lang='grc' dir='ltr'><strong>ιο.</strong></span> <span class='ocrx_word' id='word_1_258' title='bbox 319 2524 360 2548; x_wconf 79' lang='lat' dir='ltr'><strong>uc</strong></span> <span class='ocrx_word' id='word_1_259' title='bbox 380 2526 455 2547; x_wconf 84' lang='lat' dir='ltr'><strong>non</strong></span> <span class='ocrx_word' id='word_1_260' title='bbox 470 2511 527 2557; x_wconf 78' lang='lat' dir='ltr'><strong>fit</strong></span> <span class='ocrx_word' id='word_1_261' title='bbox 546 2523 697 2557; x_wconf 78' lang='lat' dir='ltr'><strong>peccato</strong></span> <span class='ocrx_word' id='word_1_262' title='bbox 717 2513 861 2558; x_wconf 50' lang='lat' dir='ltr'><strong>igno-sbi</strong></span> <span class='ocrx_word' id='word_1_263' title='bbox 937 2510 1193 2557; x_wconf 78' lang='lat' dir='ltr'><strong>comparativo.</strong></span> <span class='ocrx_word' id='word_1_264' title='bbox 1230 2509 1361 2555; x_wconf 80' lang='lat' dir='ltr'><strong>Virgil.</strong></span> <span class='ocrx_word' id='word_1_265' title='bbox 1395 2511 1434 2546; x_wconf 86' lang='lat' dir='ltr'><strong>in</strong></span> <span class='ocrx_word' id='word_1_266' title='bbox 1479 2512 1612 2550; x_wconf 69' lang='lat' dir='ltr'><strong>calice</strong></span> 
     </span>
     <span class='ocr_line' id='line_1_36' title="bbox 184 2565 1608 2617; baseline 0.001 -12"><span class='ocrx_word' id='word_1_267' title='bbox 184 2569 364 2617; x_wconf 81' lang='lat' dir='ltr'><strong>aequum]</strong></span> <span class='ocrx_word' id='word_1_268' title='bbox 413 2569 452 2602; x_wconf 79' lang='lat' dir='ltr'><strong>in</strong></span> <span class='ocrx_word' id='word_1_269' title='bbox 473 2569 546 2604; x_wconf 83' lang='lat' dir='ltr'><strong>hoc</strong></span> <span class='ocrx_word' id='word_1_270' title='bbox 571 2569 654 2604; x_wconf 91' lang='lat' dir='ltr'><strong>loco</strong></span> <span class='ocrx_word' id='word_1_271' title='bbox 677 2568 860 2615; x_wconf 66' lang='lat' dir='ltr'><strong>explicam·</strong></span> <span class='ocrx_word' id='word_1_272' title='bbox 934 2580 966 2602; x_wconf 84' lang='lat' dir='ltr'><strong>v.</strong></span> <span class='ocrx_word' id='word_1_273' title='bbox 997 2576 1053 2612; x_wconf 81' lang='lat'><strong>78.</strong></span> <span class='ocrx_word' id='word_1_274' title='bbox 1075 2566 1141 2608; x_wconf 54' lang='lat' dir='ltr'>,ubi</span> <span class='ocrx_word' id='word_1_275' title='bbox 1169 2579 1200 2604; x_wconf 89' lang='lat' dir='ltr'><strong>v.</strong></span> <span class='ocrx_word' id='word_1_276' title='bbox 1219 2565 1356 2613; x_wconf 81' lang='lat' dir='ltr'><strong>Scalig.</strong></span> <span class='ocrx_word' id='word_1_277' title='bbox 1385 2569 1465 2606; x_wconf 85' lang='lat' dir='ltr'><strong>Liv.</strong></span> <span class='ocrx_word' id='word_1_278' title='bbox 1488 2571 1608 2616; x_wconf 80' lang='lat' dir='ltr'><strong>1X.7.</strong></span> 
     </span>
     <span class='ocr_line' id='line_1_37' title="bbox 183 2625 1607 2675; baseline 0.002 -14"><span class='ocrx_word' id='word_1_279' title='bbox 183 2625 233 2661; x_wconf 87' lang='lat' dir='ltr'><strong>do</strong></span> <span class='ocrx_word' id='word_1_280' title='bbox 262 2627 428 2660; x_wconf 78' lang='lat' dir='ltr'><strong>Donatus</strong></span> <span class='ocrx_word' id='word_1_281' title='bbox 455 2636 490 2660; x_wconf 90' lang='lat' dir='ltr'><strong>et</strong></span> <span class='ocrx_word' id='word_1_282' title='bbox 523 2626 586 2661; x_wconf 74' lang='lat' dir='ltr'><strong>alii</strong></span> <span class='ocrx_word' id='word_1_283' title='bbox 615 2625 768 2660; x_wconf 85' lang='lat' dir='ltr'><strong>multum</strong></span> <span class='ocrx_word' id='word_1_284' title='bbox 798 2625 861 2659; x_wconf 79' lang='lat' dir='ltr'><strong>tri·</strong></span> <span class='ocrx_word' id='word_1_285' title='bbox 935 2627 1473 2672; x_wconf 65' lang='lat' dir='ltr'><strong>trzfiiorignominiofhepacis</strong></span> <span class='ocrx_word' id='word_1_286' title='bbox 1486 2630 1607 2675; x_wconf 68' lang='lat' dir='ltr'><em>magis</em></span> 
     </span>
     <span class='ocr_line' id='line_1_38' title="bbox 185 2682 1609 2731; baseline 0.001 -15"><span class='ocrx_word' id='word_1_287' title='bbox 185 2693 324 2717; x_wconf 76' lang='lat' dir='ltr'><strong>cantur.</strong></span> <span class='ocrx_word' id='word_1_288' title='bbox 375 2686 527 2719; x_wconf 75' lang='lat' dir='ltr'><strong>Peccata</strong></span> <span class='ocrx_word' id='word_1_289' title='bbox 558 2696 621 2730; x_wconf 80' lang='lat' dir='ltr'><strong>per</strong></span> <span class='ocrx_word' id='word_1_290' title='bbox 649 2682 856 2722; x_wconf 78' lang='lat' dir='ltr'><strong>ablativum,</strong></span> <span class='ocrx_word' id='word_1_291' title='bbox 935 2695 1043 2725; x_wconf 80' lang='lat' dir='ltr'><strong><em>quam</em></strong></span> <span class='ocrx_word' id='word_1_292' title='bbox 1070 2684 1230 2726; x_wconf 75' lang='lat' dir='ltr'><strong>periculi</strong></span> <span class='ocrx_word' id='word_1_293' title='bbox 1245 2686 1404 2720; x_wconf 75' lang='lat' dir='ltr'><em>nuncius</em></span> <span class='ocrx_word' id='word_1_294' title='bbox 1428 2686 1511 2731; x_wconf 79' lang='lat' dir='ltr'><strong>fuit</strong></span> <span class='ocrx_word' id='word_1_295' title='bbox 1541 2683 1609 2720; x_wconf 79' lang='lat' dir='ltr'>ubi·</span> 
     </span>
     <span class='ocr_line' id='line_1_39' title="bbox 183 2738 1174 2786; baseline -0.002 -12"><span class='ocrx_word' id='word_1_296' title='bbox 183 2751 291 2786; x_wconf 81' lang='lat' dir='ltr'><strong>quem</strong></span> <span class='ocrx_word' id='word_1_297' title='bbox 312 2740 550 2774; x_wconf 65' lang='lat' dir='ltr'><strong>Grammatici</strong></span> <span class='ocrx_word' id='word_1_298' title='bbox 575 2739 776 2774; x_wconf 77' lang='lat' dir='ltr'><strong>absolutum</strong></span> <span class='ocrx_word' id='word_1_299' title='bbox 798 2751 858 2772; x_wconf 80' lang='lat' dir='ltr'><strong>vo·</strong></span> <span class='ocrx_word' id='word_1_300' title='bbox 932 2751 964 2776; x_wconf 85' lang='lat' dir='ltr'><strong>v.</strong></span> <span class='ocrx_word' id='word_1_301' title='bbox 982 2738 1174 2773; x_wconf 80' lang='lat' dir='ltr'><strong>Drakenb.</strong></span> 
     </span>
     <span class='ocr_line' id='line_1_40' title="bbox 183 2795 1604 2843; baseline 0.001 -11"><span class='ocrx_word' id='word_1_302' title='bbox 183 2808 286 2838; x_wconf 70' lang='lat' dir='ltr'><strong>cant,</strong></span> <span class='ocrx_word' id='word_1_303' title='bbox 332 2797 487 2834; x_wconf 70' lang='lat' dir='ltr'><strong>dicittu:</strong></span> <span class='ocrx_word' id='word_1_304' title='bbox 539 2810 621 2832; x_wconf 86' lang='lat' dir='ltr'><strong>cum</strong></span> <span class='ocrx_word' id='word_1_305' title='bbox 663 2806 854 2843; x_wconf 73' lang='lat' dir='ltr'><strong>peccatum</strong></span> <span class='ocrx_word' id='word_1_306' title='bbox 981 2807 1034 2829; x_wconf 83' lang='lat'><strong>12.</strong></span> <span class='ocrx_word' id='word_1_307' title='bbox 1062 2795 1255 2842; x_wconf 70' lang='lat' dir='ltr'><strong>infin&#39;tam]</strong></span> <span class='ocrx_word' id='word_1_308' title='bbox 1319 2796 1344 2832; x_wconf 85' lang='lat' dir='ltr'><strong>i.</strong></span> <span class='ocrx_word' id='word_1_309' title='bbox 1366 2810 1395 2832; x_wconf 79' lang='lat' dir='ltr'><strong>e.</strong></span> <span class='ocrx_word' id='word_1_310' title='bbox 1413 2795 1604 2834; x_wconf 80' lang='lat' dir='ltr'><strong>stolidum.</strong></span> 
     </span>
    </p>
   </div>
  </div>
 </body>
</html>
