1664 3100
179 144 246 209 zo
348 102 351 106 ‚
713 139 1063 198 ADELPHL

178 279 301 328 Rem
321 271 383 337 68)
418 291 548 341 pene
570 291 634 323 ex
651 275 839 340 parria;
859 277 898 336 ⁴¹)
929 288 1079 341 turpe
1104 273 1259 334 dictu,
1293 273 1416 324 deos
1445 291 1600 341 quae

536 344 585 391 so
606 357 665 391 ut
683 343 832 392 istaec
855 342 1170 422 prohibeant.

178 415 349 463 CTES.
393 411 618 461 Peccavi.
652 408 714 471 69)
802 415 894 459 ΑΕ.
942 410 1073 477 Quid
1104 412 1178 460 ait
1213 407 1418 460 tandem
1448 407 1599 460 nobis

538 477 760 528 Sannio?
824 477 915 528 SY.
953 486 1055 528 lam
1078 480 1212 528 mitis
1241 479 1320 527 est.
1569 496 1571 500 ’

175 552 268 598 AE.
300 551 404 614 Ego
426 545 513 596 ibo
539 546 603 594 ad
624 547 788 596 forum
813 560 871 595 ut
901 546 1040 596 hunc
1070 545 1338 597 absolvam.
1375 558 1433 594 tu
1463 546 1599 594 intro

537 613 602 663 ad
620 614 759 664 illam
782 622 843 677 70)
876 613 1116 681 Ctefipho.
1136 614 1202 677 7¹)

174 684 310 771 SAN.
329 686 453 750 Syre
474 684 538 743 7²)
570 684 707 732 insta.
722 687 782 743 ⁷3)
831 684 961 733 SYR.
981 686 1181 742 Eamus,
1198 699 1422 749 namque
1442 680 1525 731 hic
1538 682 1603 737 74)

533 764 775 819 properat
793 751 848 800 in
872 754 1109 819 Cyprum.
1155 753 1296 802 SAN.
1317 751 1400 800 Ne
1412 764 1515 800 tarn
1539 755 1600 813 75)

538 820 744 886 quidem
766 816 832 882 76)

109 889 417 956 15Qua1nvis
441 887 594 936 etiam
616 906 797 941 maneo
829 887 1018 938 otiosus
1051 885 1602 938 hic.SY.Reddetu1-.

535 974 601 1004 ne
631 957 761 1005 time.

177 1027 318 1077 SAN.
361 1031 438 1080 At,
471 1028 531 1085 77)
563 1037 624 1073 ut
653 1041 802 1074 omne
825 1028 886 1085 78)
921 1022 1114 1072 reddat.
1179 1025 1267 1074 SY.
1302 1026 1464 1074 Omne
1494 1022 1604 1075 red-

535 1090 629 1141 det.
654 1097 714 1152 79)
759 1107 871 1142 tace
903 1091 1079 1150 modo,
1136 1109 1200 1141 ac
1241 1093 1449 1158 sequere
1489 1093 1598 1144 hac.

533 1162 675 1209 SAN.
697 1159 907 1228 Sequor.

177 1229 348 1277 CTES.
382 1230 540 1286 Heus,
575 1226 718 1287 heUS,
750 1231 818 1293 Sy
821 1231 958 1287 re.8⁰)
1022 1223 1152 1277 SYR.
1175 1225 1325 1275 Ehem
1351 1228 1476 1296 quid
1497 1231 1602 1279 est?

535 1298 706 1345 CTES.
740 1297 958 1345 Obsecro
988 1294 1157 1345 hercle
1179 1307 1241 1354 te,
1267 1297 1310 1354 ³)
1344 1295 1602 1347 hominem

535 1362 916 1430 impurissimum

174 1438 255 1501 Qu
224 1450 341 1483 uam
364 1431 582 1497 primum
605 1431 917 1491 absolvitote,
941 1450 1005 1482 ne
1026 1429 1062 1480 s1
1082 1431 1242 1496 magis
1265 1430 1490 1483 irritatus
1514 1431 1603 1483 fiet
1658 1435 1664 1449 ⁸

173 1501 361 1570 Aliqua
382 1502 448 1559 8¹)
482 1499 547 1549 ad
572 1513 767 1566 patrem
797 1500 896 1550 hoc
928 1511 1211 1576 permanet
1218 1501 1283 1558 8²)
1315 1513 1470 1569 atque
1503 1520 1597 1568 ego

532 1580 658 1616 tunc
684 1571 726 1624 *>
760 1582 1008 1635 perpetuo
1032 1566 1277 1632 perierim.
1590 1598 1598 1605 ,
1657 1568 1664 1614 ζ

104 1660 158 1689 20
173 1637 305 1688 SYR.
350 1638 473 1685 Non
502 1633 618 1690 fiet3
679 1634 817 1684 bono
850 1653 1019 1684 ammo
1050 1635 1165 1682 esto.
1230 1638 1318 1683 Tu
1358 1653 1474 1685 curn
1515 1635 1601 1687 illa

535 1701 735 1751 oblecta
756 1707 818 1762 83)
848 1717 897 1751 te
920 1704 1059 1750 intus
1079 1702 1279 1749 interim
1654 1713 1664 1718 ’·

173 1772 239 1822 Et
258 1770 419 1821 lectos
444 1774 483 1831 *)
515 1769 636 1818 iube
667 1770 816 1819 sterni
840 1775 902 1830 84)
938 1769 1087 1819 nobis
1113 1781 1165 1818 et
1189 1770 1360 1836 parari
1387 1779 1598 1823 caetera.
1657 1822 1662 1827 ,

231 1905 293 1948 68)
311 1902 452 1948 fugeres
470 1912 511 1937 ut
529 1901 626 1938 filius
636 1903 849 1940 Menedemi
867 1903 927 1949 (in
943 1903 1171 1949 Heautont)
1216 1903 1255 1950 *)
1273 1905 1367 1940 edic·
1388 1916 1470 1942 cum
1479 1905 1598 1961 fi‘no

280 1965 402 1998 incer-r
383 1974 509 2007 rogat.
557 1961 617 2007 69)
645 1962 731 2009 quia
750 1961 817 1997 tibi
836 1973 911 1998 non
931 1959 1008 1995 dixi
1064 1961 1129 2006 7⁰)
1152 1961 1379 1997 meretricem
1432 1964 1497 2009 7¹)
1521 1976 1600 2010 per·
1603 1964 1606 1969 ’

279 2030 324 2064 ge
388 2023 447 2063 72)
475 2031 496 2053 ο
523 2018 608 2064 Syre
677 2024 735 2064 73)
763 2032 830 2066 pro
857 2031 938 2053 meo
965 2016 1083 2065 pretio
1151 2021 1210 2063 74)
1233 2017 1373 2054 Sannio
1435 2022 1495 2065 75)
1522 2019 1596 2055 cito

282 2076 342 2120 76)
368 2074 430 2110 ibo
477 2075 542 2121 77)
567 2075 649 2110 vide
697 2076 761 2121 78)
785 2076 942 2123 pretium
988 2075 1053 2121 79)
1078 2073 1134 2109 vel
1151 2073 1324 2113 reddetur
1374 2076 1444 2122 80)
1470 2089 1493 2114 ο
1512 2076 1599 2124 Syre

278 2132 309 2173 ⁶)
331 2133 424 2168 edic.
443 2135 564 2169 omitt.
584 2144 619 2168 te
639 2135 796 2178 improb.
818 2134 940 2170 Bentl.
997 2133 1064 2176 ει)
1097 2144 1161 2179 per
1189 2131 1351 2180 aliquam
1376 2131 1598 2176 oceafionem

278 2189 344 2232 82)
378 2189 563 2235 perveniat
627 2191 658 2231 ⁴¹)
691 2192 780 2226 edit.
809 2200 886 2225 tum
916 2190 1099 2234 probante
1126 2189 1249 2225 Bentl.
1314 2189 1382 2238 83)
1412 2188 1597 2238 requiesce
1662 2183 1664 2209 ἶ

280 2245 311 2286 ’)
336 2247 428 2282 edic.
449 2245 604 2283 lectulos
647 2251 708 2292 84)
735 2246 782 2282 ad
808 2245 1004 2294 prandium
1023 2259 1123 2282 more
1141 2247 1308 2295 antiquo.

221 2399 275 2436 13.
300 2393 353 2428 aa
375 2393 504 2435 forum
528 2394 614 2436 ειη]
663 2394 715 2430 ibi
745 2405 847 2432 erant
972 2401 1026 2437 ις.
1069 2393 1275 2439 Quamvis]
1333 2392 1359 2427 i.
1402 2405 1434 2428 e.
1476 2391 1594 2433 valde.
1637 2383 1640 2386 ’

171 2448 343 2491 ubemae
356 2450 589 2495 argentariae.
603 2464 633 2488 v,
648 2452 686 2487 in
700 2453 845 2492 Phorm.
923 2448 1123 2486 admodum
1142 2449 1260 2485 Plaut.
1281 2450 1319 2484 in
1338 2448 1465 2485 Pseud.
1483 2450 1548 2485 lv.
1561 2462 1595 2495 7.

171 2507 220 2542 V.
239 2519 272 2552 7.
292 2514 348 2546 28.
367 2517 403 2541 et
421 2507 546 2543 Donat
563 2508 609 2543 ad
628 2508 666 2543 h.
686 2510 711 2544 l.
923 2519 979 2555 79.
1020 2509 1193 2555 quamvis
1223 2510 1360 2551 per-nix
1387 2509 1449 2552 est.
1514 2506 1600 2550 Liv.

219 2563 436 2610 absblvam]
491 2566 679 2611 absblvere
703 2566 847 2612 elegen·
919 2566 949 2600 1.
980 2570 1016 2608 4.
1054 2576 1086 2598 v.
1127 2563 1257 2598 Graev.
1297 2562 1345 2597 ad
1388 2561 1508 2597 Cicer.
1547 2561 1595 2598 do

173 2630 228 2656 ter
257 2619 407 2666 ponitur
441 2633 507 2666 pro
542 2620 659 2658 soluta
688 2624 846 2671 pecunia
922 2620 1068 2658 Amicit.
1095 2633 1124 2654 c.
1147 2620 1203 2655 26.

174 2676 358 2711 dimittere
387 2689 418 2715 v.
447 2677 601 2716 Briss'on.
635 2679 681 2714 de
706 2680 844 2716 verbor.
971 2690 1023 2724 ¹9·
1051 2678 1207 2724 aliqua]
1255 2672 1498 2722 supplendum
1525 2677 1596 2717 τῶι

172 2733 360 2781 fignificat.
923 2734 979 2772 vel
1008 2737 1169 2772 racione.
