1664 3100
569 126 815 208 Aea-„im
899 151 1071 200 Sem.
1093 144 1163 200 v,
1512 156 1576 204 65

85 278 376 337 consillum
394 282 498 335 fine
527 300 684 351 opera
713 296 804 333 tua
827 287 883 346 12)
922 285 975 334 in
1001 281 1301 337 cubiculuni
1328 285 1391 335 iri
1425 284 1577 338 dedu-

508 365 647 403 ctum
670 352 734 411 ²3)
766 351 1003 402 domum?
1035 351 1096 414 ¹4)

154 417 328 471 Nolim
356 431 666 470 caeterarum
704 430 869 469 rerum
908 434 958 470 te
992 419 1248 470 socordem
1282 424 1340 483 ¹⁵)
1398 421 1575 472 eodem

506 487 670 536 modo.
698 487 758 547 16)

153 557 300 605 Bono
322 554 491 605 animo
510 573 580 613 es,
606 560 662 615 ι7)
700 555 857 605 duces
881 573 1092 606 uxorem
1113 554 1259 606 hanc.
1311 561 1403 607 AE.
1429 561 1572 609 Hem.

504 626 594 672 ΜΙ.
629 626 776 674 Bono
808 624 978 674 animo
1008 642 1061 673 es
1095 626 1155 684 ¹8)
1186 625 1411 692 inquam.
1478 631 1571 677 AE.

504 704 651 756 pater

80 769 82 771 “
149 755 366 808 Obsecro
394 776 516 808 num
540 761 581 819 ²⁸¹)
611 757 746 809 ludis
786 763 844 820 ¹9)
891 772 949 809 tu
983 776 1124 810 nunc
1154 763 1266 809 me?
1334 765 1426 812 ΜΙ.
1466 766 1570 830 Ego

507 828 615 888 ἴθ’)
658 826 1023 895 quamobrem?
1052 835 1141 888 20)
1181 833 1274 877 ΑΕ.
1318 832 1499 880 Nescio

146 893 282 959 Quia
299 907 402 943 tam
420 894 592 944 misere
614 900 676 955 21)
710 894 810 946 hoc
833 897 926 946 esse
961 896 1138 962 cupio,
1185 914 1360 947 verum
1394 897 1508 949 ideo
1530 902 1568 962 *)

15 1012 29 1021 .,
507 980 686 1014 vereor
714 965 874 1029 magis
897 962 962 1025 22)

76 1027 236 1081 65ΜῙ.
269 1027 366 1078 Abi
398 1028 628 1091 domum,
659 1048 720 1081 ac
754 1031 876 1082 deos
898 1049 1245 1098 comprecare,
1280 1045 1340 1082 ut
1358 1051 1568 1084 uxorem

502 1100 726 1149 arcessas.
761 1098 857 1149 abi.

124 1166 239 1213 ·AE.
272 1163 444 1231 Quid?
478 1169 646 1216 Iamne
664 1184 872 1216 uxorem
896 1166 1175 1226 ducam?*)
1213 1171 1302 1215 ΜΙ.
1320 1172 1435 1216 Iam.
1468 1169 1566 1218 ΑΕ.

501 1238 617 1282 Iam.
637 1237 698 1293 **)
732 1234 959 1282 M1.1am
984 1249 1231 1300 quantum
1255 1237 1413 1297 potest
1431 1238 1495 1296 ²3)
1526 1239 1566 1298 *)

499 1304 591 1350 AE.
621 1302 710 1349 Dii
733 1318 812 1348 me
842 1315 985 1366 pater

145 1367 335 1416 Omnes
358 1364 570 1426 oderint,
606 1369 658 1415 ni
679 1369 836 1434 magis
861 1384 909 1418 te
930 1385 1084 1434 quam
1108 1366 1289 1418 oculos
1311 1385 1451 1419 nunc
1470 1388 1562 1437 ego

500 1451 616 1485 amo
636 1450 790 1485 meos.

160 1558 168 1571 “
206 1569 265 1608 12)
287 1565 413 1602 labore
428 1576 494 1602 tuo
545 1571 601 1611 ¹3)
626 1564 760 1603 deduci
810 1566 871 1614 14)
894 1564 1064 1601 credeban
1116 1565 1178 1612 15)
1198 1566 1386 1603 incautum
1437 1569 1494 1611 16)
1512 1569 1563 1605 es-

167 1615 170 1619 ’
246 1622 284 1659 Ie
334 1627 389 1669 ¹7)
408 1623 482 1659 esto
533 1628 589 1667 18)
608 1623 679 1660 esto
725 1625 764 1669 ¹')
779 1625 871 1662 edic.
890 1636 966 1657 non
986 1623 1142 1667 improb.
1166 1625 1286 1660 Bentl.
1338 1625 1399 1671 ¹9)
1416 1624 1562 1662 deludis

246 1679 284 1726 ⁴)
309 1682 400 1719 edic.
419 1684 601 1728 interr-og.
616 1681 699 1728 post
717 1691 750 1715 te
794 1681 860 1725 20)
886 1678 1049 1714 luderem
1077 1699 1081 1702 ·
1105 1681 1170 1727 2¹)
1193 1679 1387 1716 affectuose
1433 1683 1472 1729 *)
1491 1697 1562 1726 pro

249 1749 373 1772 verum
392 1736 478 1772 ideo
495 1739 586 1775 edit.
610 1751 653 1773 eo
681 1738 863 1784 probante
887 1738 1008 1773 Bentl.
1072 1737 1138 1781 22)
1170 1750 1217 1772 ne
1243 1739 1432 1783 proveniet
1461 1740 1564 1787 quod

245 1791 348 1828 illvm
371 1793 502 1831 ducam
548 1795 585 1842 ⁴¹)
609 1797 701 1831 edic.
729 1794 802 1828 iam
826 1805 986 1831 uxorem.
1014 1793 1200 1838 probante
1222 1795 1344 1830 Bencl.
1399 1796 1451 1841 ⁴¹¹)
1470 1799 1561 1835 edic.

247 1853 432 1899 interr-og.
477 1851 544 1895 23)
578 1850 769 1887 accelerari
834 1850 870 1896 ⁴)
903 1851 995 1886 edic.
1024 1861 1127 1897 potes
1155 1851 1389 1896 improbante
1415 1854 1538 1889 Benel.

187 1996 247 2036 60.
279 1999 497 2043 deductum]
555 1999 692 2036 deduci
733 2011 815 2045 pro·
890 2009 945 2032 res
975 1996 1117 2034 attinet.
1157 1996 1276 2033 Plaut.
1303 1996 1343 2033 in
1373 1996 1511 2036 Cisteu.
1531 2000 1561 2036 1.

139 2055 221 2104 Prie
265 2054 399 2091 dieitur
437 2056 535 2102 virgo
577 2067 670 2102 quae
705 2054 814 2089 alicui
893 2066 923 2087 1.
947 2060 1004 2095 33.

142 2111 371 2147 conciliatur.
414 2111 524 2147 Ovid.
567 2110 668 2159 epist.
713 2112 813 2146 XVI.
933 2110 990 2151 65.
1028 2109 1132 2144 Deos
1161 2113 1416 2158 comprecare]
1473 2110 1498 2145 i.
1528 2125 1561 2147 e.

141 2175 223 2210 313·
258 2181 373 2212 paene
390 2172 473 2215 suis
497 2168 552 2205 ad
578 2181 615 2205 te
642 2169 814 2204 manibus
887 2165 947 2202 fae
964 2163 1080 2205 saera,
1103 2175 1185 2199 vota
1203 2176 1239 2200 et
1256 2179 1378 2213 preces
1396 2167 1479 2202 Diis
1495 2181 1562 2202 nu-

144 2227 298 2262 deducit
325 2238 520 2262 amantem.
547 2237 579 2259 v.
599 2225 812 2272 interpretes
887 2221 1046 2269 ptiarum
1067 2220 1298 2268 praesidibus.
1335 2224 1394 2258 De
1415 2225 1561 2271 nuptia-

144 2280 194 2315 ιδ,
211 2281 312 2316 Caes.
333 2281 380 2316 de
397 2283 440 2317 B.
463 2282 512 2317 G.
531 2282 578 2317 V.
603 2288 657 2325 14.
887 2278 984 2313 libus
1012 2276 1118 2312 sacris
1146 2290 1179 2312 v.
1218 2278 1266 2313 ad
1291 2279 1414 2315 valer.
1443 2280 1557 2315 macc.

185 2337 243 2374 61.
264 2350 494 2374 caeterarum
518 2341 667 2381 rerum]
723 2336 814 2372 anti·
886 2336 986 2371 vm.
1007 2340 1086 2379 ²44·

143 2405 256 2440 quum
275 2394 450 2441 loquendi
466 2407 579 2442 genus
601 2407 666 2441 pro
692 2405 812 2430 caete-
933 2392 991 2436 67.
1017 2402 1126 2440 quam
1153 2391 1305 2436 oeulos]
1370 2391 1410 2426 in
1444 2392 1559 2440 expri-

142 2452 199 2487 ris
216 2453 257 2487 ἰη
276 2451 395 2488 rebus.
421 2451 500 2486 Cic.
527 2463 594 2499 pro
626 2449 755 2496 Quint.
778 2460 811 2485 c.
887 2445 1023 2481 menda
1051 2447 1086 2480 vi
1116 2448 1248 2482 amoris
1268 2447 1390 2483 crebra
1408 2447 1450 2484 fit
1472 2461 1558 2484 ocu·
1591 2483 1595 2487 ,

141 2513 180 2549 3.
205 2505 252 2541 de
267 2506 410 2544 Seneet.
433 2520 464 2543 c.
482 2501 517 2543 π’.
543 2507 729 2543 admirari
745 2508 811 2551 so·
887 2503 1005 2538 lorum
1016 2504 1155 2539 mentio
1174 2505 1348 2549 quoniam
1367 2504 1557 2540 oculorum

142 2565 202 2599 leo
223 2575 303 2598 cum
321 2554 389 2599 hoe
407 2576 485 2600 tum
508 2575 739 2600 caeterarum
757 2575 813 2596 re·
886 2559 1006 2594 sensus
1033 2559 1139 2594 nobis
1164 2561 1328 2595 omnium
1360 2560 1556 2596 cariffimus

142 2633 227 2655 rum
263 2631 366 2655 tuam
396 2622 635 2656 excellentem
659 2619 811 2665 sapien·
887 2615 1399 2662 est.Catu11.ca1m.u1.4.
1432 2617 1495 2651 ubi
1523 2629 1554 2650 v.

143 2678 249 2713 eiam·
276 2675 336 2709 Sic
355 2679 517 2712 omnium
545 2689 668 2711 rerum
686 2684 751 2719 pro
771 2674 814 2708 in
885 2672 1020 2708 Muret-

144 2732 314 2768 omnibus
330 2733 457 2771 rebus,
483 2731 583 2779 quod
610 2730 658 2765 ad
683 2741 810 2777 omnen

95 2801 228 2837 Terent
269 2800 369 2839 Com.
400 2803 499 2836 Tom.
526 2800 574 2835 11.
1381 2790 1418 2834 E
