1708 3106
214 171 306 217 126
418 223 420 226 .
754 171 1078 220 HECYRA.

135 327 186 356 ιο
201 309 355 356 Tunc
382 303 418 365 ¹)
457 302 591 353 filius
614 317 734 403 τηυξ
768 305 960 354 introiit·
979 306 1149 357 videre
1180 306 1244 371 66)
1266 324 1325 360 ut
1345 309 1482 358 venit
1502 309 1628 377 quid

563 388 699 427 atrat.¹
727 373 782 432 ’7)

203 441 448 509 SO.Quid
477 413 700 489 ais?UAn
730 441 869 489 venit
897 440 1227 508 Pamphilus?
1295 446 1432 494 PAR.
1465 445 1625 509 Venit.

559 511 649 558 SO.
669 510 761 557 Dis
783 509 968 573 gratias
989 508 1164 561 habeo.

204 582 291 627 Em
310 579 434 628 istoc
466 576 622 627 verbo
656 578 855 624 animus
890 576 1011 624 mihi
1033 578 1202 638 rediit,
1238 592 1289 630 et
1322 598 1446 631 cura
1466 578 1528 643 63)
1562 600 1624 631 ex

556 644 710 694 corde
733 642 922 693 recessit
939 643 999 706 69)
1024 648 1065 705 *)

198 716 335 763 PAR.
366 718 466 765 Iam
492 731 552 762 ea
577 727 626 761 te
647 716 708 775 **)
745 713 890 762 causa
911 714 1127 763 maxime
1157 712 1298 765 nune
1325 713 1429 766 huc
1451 717 1631 779 introi-K

402 783 405 790 “
556 799 611 830 re
637 780 770 830 nolo.

198 854 330 902 Nam
355 849 389 899 si
409 851 663 899 remittent
687 847 948 916 quippiam
970 847 1310 899 Philumenam
1337 850 1552 911 dolores,

129 931 181 973 15
197 923 409 968 Omnem
430 937 536 966 rem
558 917 784 967 narrabit
804 917 902 965 scio
924 918 1170 966 continuo
1191 918 1293 967 sola
1317 918 1418 981 soli,

199 991 345 1055 Quae
376 988 508 1035 inter
540 1003 630 1034 vos
663 985 945 1042 intervenit,
977 981 1036 1046 †)
1070 985 1207 1039 unde
1237 999 1406 1035 ortum
1436 988 1505 1036 est
1527 987 1619 1036 ini-

556 1067 683 1101 tium
702 1070 822 1101 irae.

196 1130 365 1191 Atque
388 1140 564 1172 eccum
584 1120 731 1170 video
752 1121 909 1187 ipsum
934 1120 1128 1187 egredi3
1165 1139 1319 1190 quam
1350 1117 1501 1172 tristis
1537 1123 1617 1172 est.

551 1188 644 1237 SO.
681 1192 738 1246 O,
760 1190 828 1236 mi
851 1203 1001 1254 gnate
1598 1242 1601 1246 ,

189 1260 343 1308 ΡΑΜ.
383 1262 501 1307 Mea
529 1261 590 1317 70)
633 1270 794 1305 mater
819 1256 959 1305 salve.
1038 1259 1131 1306 SO.
1179 1254 1398 1307 Gaudeo
1433 1258 1616 1308 venisse

551 1323 750 1374 salvum.
797 1323 979 1373 Salvan
1006 1328 1070 1384 7¹)

193 1394 488 1445 Philumena
508 1392 608 1441 est?
653 1392 804 1440 PAM.
837 1391 1140 1442 Meliuscula
1167 1394 1245 1442 eft.
1266 1392 1351 1455 72)‘
1393 1396 1485 1444 SO.
1508 1395 1614 1443 Uti-

549 1480 664 1510 nam
687 1461 812 1509 istuc
841 1462 912 1509 ita
946 1462 1016 1509 Di
1046 1461 1216 1510 faxint.
1391 1510 1396 1513 .

118 1556 173 1584 20
190 1532 324 1601 Quid
355 1545 412 1579 tu
437 1531 590 1596 igitur
620 1528 880 1586 lacrimas,
937 1543 1029 1577 aut
1056 1528 1182 1596 quid
1212 1548 1266 1580 es
1298 1543 1400 1579 tam
1428 1528 1612 1579 tristis?

543 1597 693 1644 PAM.
726 1596 877 1645 Recte
898 1610 1069 1646 mater,
1573 1636 1577 1638 v

190 1669 282 1719 SO.
318 1664 453 1733 Quid
478 1665 574 1713 fuit
598 1662 835 1711 tumulti?
857 1662 919 1724 73)
948 1666 1046 1713 Dic
1066 1663 1200 1714 mihi.
1266 1670 1355 1727 An·
1370 1663 1519 1715 dolor
1537 1681 1609 1714 re-
1640 1703 1642 1705 >

545 1745 696 1798 pente
727 1729 933 1780 invasit?
956 1734 1019 1790 74)

1645 702 1680 737 ³9

243 1867 279 1910 *)
296 1867 388 1903 edit.
406 1875 483 1899 tum
530 1863 596 1908 66)
615 1875 701 1897 mox
747 1863 812 1906 67)
832 1863 1049 1898 Philumena
1094 1864 1154 1905 68)
1174 1863 1381 1900 sollicitudo
1426 1865 1492 1911 69)
1510 1877 1608 1901 nunc

291 1921 435 1958 exceffit
490 1921 525 1965 ⁴¹)
559 1921 652 1956 edic.
690 1931 726 1955 et
757 1921 878 1956 Bentl.
907 1920 1052 1956 exceffit
1110 1922 1156 1962 ”)
1180 1923 1270 1957 edit.
1300 1921 1347 1956 de
1366 1922 1606 1966 improbante

292 1981 413 2018 Bentl.
479 1978 527 2022 ff«)
553 1978 646 2012 edit.
670 1976 902 2011 intervenerit
930 1979 1052 2016 Bentl.
1080 1977 1335 2013 intervenerint
1388 1979 1452 2024 70)
1472 1991 1495 2012 ο
1521 1989 1605 2012 mea

285 2037 351 2084 7¹)
378 2048 422 2069 an
445 2034 536 2069 [alva
584 2037 643 2079 72)
669 2033 810 2081 aliquid
830 2033 943 2070 levius
963 2035 1075 2071 habet
1121 2035 1186 2082 73)
1212 2034 1361 2083 antique
1379 2050 1449 2081 pro
1468 2038 1604 2073 cumad-

284 2107 347 2131 tus
392 2092 457 2139 74)
482 2091 599 2130 illam.

802 2184 983 2195 ———-—

227 2261 282 2300 ¹4·
300 2254 341 2300 fi
364 2255 553 2289 remittent
572 2251 666 2296 etc.]
717 2249 852 2299 duplex
927 2251 1059 2287 riorem
1080 2250 1297 2289 lectionem.
1325 2263 1418 2299 quae
1434 2251 1600 2299 pluribus

176 2312 287 2347 huius
317 2311 388 2345 loci
417 2309 526 2343 lectio
549 2308 610 2344 est.
665 2311 707 2344 Si
725 2312 850 2345 remit·
930 2308 1204 2344 auctoritatibus
1236 2308 1384 2348 nititur,
1424 2308 1601 2354 praefera-

176 2381 257 2408 tent
276 2371 467 2416 quippiam
493 2367 727 2403 Philumenae
747 2367 851 2401 dolo·
927 2378 1030 2405 mus.
1068 2368 1219 2402 dolores
1249 2367 1439 2401 remittent
1471 2365 1600 2402 Philu-

174 2442 235 2463 res
253 2437 289 2461 et
302 2427 341 2470 st
361 2427 549 2461 remittent
567 2425 758 2469 quippiam
771 2423 850 2458 Phi·
926 2437 1068 2459 menam
1103 2422 1278 2469 fignificat
1315 2421 1458 2458 dolore·
1490 2422 1601 2458 relin-

174 2485 358 2520 lammam
391 2483 554 2516 dolores.
621 2481 659 2514 Si
692 2481 849 2526 priorem
927 2490 1041 2528 quent
1059 2479 1326 2516 Philumenam.
1532 2523 1535 2526 ‚

174 2540 371 2575 lectionem
390 2538 596 2585 sequamur.
625 2539 775 2573 dolores
794 2552 850 2572 re·
973 2549 1028 2583 19.
1053 2539 1266 2584 meliuscula
1286 2536 1360 2583 est]
1407 2535 1432 2570 ἰ.
1454 2548 1486 2570 e.
1507 2544 1596 2581 pau-

172 2601 322 2634 mittent
356 2594 531 2639 fignificat
558 2595 711 2628 leniores
749 2593 847 2632 fient,
923 2595 961 2629 lo
997 2595 1127 2630 melius
1161 2593 1283 2629 habet.
1317 2593 1397 2628 Cic.
1431 2591 1477 2626 ad
1508 2592 1593 2626 Div.

173 2653 413 2691 sedabuntur,
439 2651 654 2698 pronomine
665 2655 707 2698 se
727 2649 846 2684 subin·
921 2652 1022 2687 XVI.
1042 2661 1077 2696 5,
1105 2663 1183 2690 eum
1212 2652 1421 2698 meliuscule
1446 2650 1517 2686 eibi
1540 2651 1593 2696 ιβ

171 2710 338 2749 tellecto,
389 2708 488 2755 quod
532 2708 635 2756 saepe
686 2707 844 2742 additur.
909 2712 985 2755 set.
1160 2704 1162 2707 ⁸

171 2766 252 2802 cic.
281 2766 320 2802 in
344 2767 447 2803 Orat.
478 2779 509 2801 c.
530 2772 586 2810 54.
634 2764 699 2799 Sin
731 2763 843 2811 poste·
