1708 3106
516 154 654 209 Δεῖ.
694 148 774 198 lv,
856 141 1033 200 Scau.
1079 155 1111 202 1.
1421 159 1516 215 143

101 283 197 336 Sed
225 296 284 334 ut
312 282 441 336 olim
465 296 516 333 te
545 281 796 333 ostendisti
813 281 876 345 67)
919 284 1132 335 eandem
1157 288 1201 347 *)
1235 288 1349 348 esse,
1391 289 1518 340 nihil

458 352 685 401 cessavisti
711 370 879 420 usque
901 352 1091 413 adhuc,

31 429 85 472 30
102 424 173 470 Ut
189 418 342 469 filiam
364 419 429 478 ab
450 436 513 471 eo
537 417 842 478 abduceres,
878 438 943 470 ne
963 421 1106 489 quod
1127 440 1220 489 ego
1239 420 1302 485 ⁶8)
1322 424 1519 492 egissem

457 487 574 535 esset
594 500 778 536 ratum.
787 485 849 549 ⁵9)

96 555 154 606 ld
186 573 325 605 nunc
361 553 607 608 indicium
629 552 722 612 69.)
759 573 841 604 res
878 554 1006 606 haec
1035 555 1178 617 facit,
1228 576 1335 627 quo
1363 573 1517 628 pacto

456 621 647 671 factum
671 626 733 683 7⁰)
766 622 1002 673 volueris.
1227 673 1243 681 ,

100 690 253 741 MYR.
285 688 464 739 Adeon
488 694 548 750 7¹)
578 708 658 739 me
676 692 989 756 pervicacem
1009 697 1072 755 7²)
1117 693 1210 742 esse
1229 695 1411 756 censes,
1433 698 1519 747 cui

382 805 391 813 ,
455 770 618 811 mater,
633 756 773 818 fiem,
887 802 892 807 .

97 830 165 876 Ut
183 828 245 887 ⁷3)
281 841 344 876 eo
365 826 506 876 ess'em
532 825 727 885 animo,
760 825 796 875 fi
818 846 880 876 ex
899 827 992 878 usu
1007 830 1068 891 74)
1094 829 1210 879 effet
1228 830 1396 880 nostro
1418 829 1518 882 hoe

454 895 868 945 matrimonium?

100 965 238 1012 Tum
250 966 313 1024 75)
326 959 365 1024 *)
385 962 667 1029 prospicere
681 978 772 1012 aut
790 963 1015 1014 iudicare
1032 966 1249 1015 nostram
1266 966 1319 1014 in
1337 984 1441 1016 rem
1454 965 1519 1030 76)

456 1029 595 1096 quod
618 1029 677 1079 fit
698 1045 859 1097 potes.
879 1036 920 1092 ²⁸)

26 1107 83 1152 35
96 1100 197 1147 PH.
216 1096 409 1147 Audisti
429 1114 491 1212 eg<
513 1096 687 1164 aliquo
710 1103 772 1160 77)
796 1099 993 1150 fortasse
1011 1101 1102 1168 qui
1124 1100 1294 1152 vidisse
1319 1120 1434 1151 eum
1456 1107 1517 1163 78)

491 1179 645 1214 1ceret

96 1237 372 1282 Exeuntem
392 1245 483 1281 aut
501 1234 839 1283 introeuntem
859 1235 1156 1286 ati-amicam
1169 1238 1192 1283 ?
1224 1240 1285 1297 79)
1305 1237 1347 1298 *)
1380 1235 1518 1303 Quid

455 1313 563 1347 tum
587 1303 788 1365 postea?

98 1369 150 1419 si
170 1364 388 1415 modeste
412 1383 474 1414 ac
491 1383 607 1416 raro
629 1373 693 1428 8⁰)
729 1369 853 1417 haec
882 1368 1004 1417 facit
1022 1370 1062 1430 *)
1094 1386 1266 1419 nonne
1290 1369 1356 1432 **)
1392 1368 1516 1419 diffi-

454 1433 647 1483 mulare
667 1453 761 1484 nos
780 1438 845 1494 8¹)

101 1501 266 1569 Magis
286 1499 563 1550 humanum
585 1503 653 1618 egt
669 1521 825 1569 quarn
851 1501 970 1552 dare
991 1519 1199 1569 operam
1216 1501 1269 1551 id
1288 1503 1410 1553 scire
1425 1506 1517 1572 qui

455 1587 550 1617 nos
573 1587 603 1618 o
642 1570 768 1618 erit?

97 1642 233 1690 Nam
272 1634 307 1685 fi
334 1631 435 1703 ipse
453 1638 494 1695 ²⁸²)
522 1641 583 1752 83
636 1639 795 1703 posset
822 1638 887 1687 ab
917 1655 979 1688 ea
1000 1640 1065 1698 83)
1118 1638 1215 1687 sese
1248 1637 1516 1707 derepente

456 1722 548 1755 ave
586 1723 670 1754 ere

155 1843 217 1891 67)
248 1839 439 1876 inimicam
469 1842 666 1888 Pamphilo
710 1844 748 1890 ⁴)
770 1845 861 1882 edic.
885 1843 1014 1879 esdem
1043 1843 1149 1887 prob.
1178 1843 1301 1879 Bentl.
1352 1842 1519 1889 68)·nu·

201 1899 322 1947 ptius,⁴
360 1901 427 1945 69)
462 1899 605 1935 firmum
676 1900 774 1946 692)
814 1901 900 1947 quia
938 1899 1060 1934 celasti
1101 1912 1253 1946 puerum
1322 1902 1388 1947 7ο)
1421 1902 1518 1937 istud

201 1960 264 2002 7¹)
291 1956 477 2003 numquid
532 1957 597 2003 72)
629 1956 724 1992 filiae
754 1970 857 1992 meae
905 1959 969 2002 73)
996 1956 1051 1991 vel
1086 1967 1148 1991 aut
1194 1957 1259 2002 74)
1290 1969 1335 1991 ex
1358 1957 1517 1992 utilitate

202 2012 268 2057 75)
293 2012 427 2048 deinde
503 2013 539 2059 ⁹)
572 2015 663 2049 edit.
689 2026 727 2049 ec
747 2016 870 2050 Benel.
898 2025 962 2049 tun
991 2025 1027 2049 et
1054 2015 1226 2050 tribuunt
1250 2013 1347 2049 hunc
1372 2017 1519 2060 verfiam

202 2070 387 2114 Phidippo
436 2070 500 2116 76)
536 2071 575 2107 in
602 2071 799 2106 utilitatem
845 2072 874 2111 ³)
904 2072 997 2107 edit.
1015 2073 1231 2115 incer-rogat
1278 2070 1342 2115 77)
1366 2083 1430 2115 per
1454 2071 1522 2104 alia

205 2138 311 2172 quem
360 2129 423 2173 73)
445 2127 678 2176 Pamphilum
742 2131 801 2173 79)
826 2125 1028 2161 Bachidem
1077 2126 1111 2165 *)
1136 2126 1227 2160 edic.
1255 2139 1332 2162 non
1358 2130 1518 2163 inemo·

199 2195 270 2228 gat
288 2195 401 2230 atque
423 2187 506 2220 cod.
528 2185 603 2226 vel;
653 2185 718 2229 80)
746 2184 792 2218 ad
813 2183 1036 2217 meretricem
1068 2180 1322 2226 ingrediendo·
1365 2184 1399 2224 ⁸)
1423 2186 1515 2220 edit.

199 2237 271 2273 hoc
297 2239 384 2275 fecit
452 2241 504 2286 ”)
531 2243 623 2278 edic.
662 2241 752 2276 add.
781 2252 821 2274 ea
858 2240 1014 2285 improb.
1039 2239 1161 2274 Renel.
1234 2239 1300 2285 8¹)
1327 2252 1387 2275 me
1415 2251 1451 2276 et
1480 2252 1516 2278 te

200 2295 241 2340 ⁸)
264 2297 323 2332 ed.
344 2310 380 2333 ec
404 2300 526 2337 Bentl.
545 2299 576 2334 ie
622 2300 688 2344 82)
711 2297 924 2345 Pamphilus
972 2296 1038 2342 83)
1061 2294 1239 2333 Bachide.
1408 2296 1410 2299 '

97 2462 185 2487 ante
203 2453 351 2497 viginti
368 2468 509 2503 quoque
525 2454 600 2490 ubi.
621 2455 768 2490 v.Cort.
843 2453 935 2487 illud
968 2453 1004 2488 ἱη
1031 2455 1163 2491 Heaut.
1192 2456 1241 2491 V.
1258 2460 1295 2500 4.
1321 2467 1383 2491 20.
1410 2469 1516 2495 totus

98 2506 192 2541 infra
219 2507 265 2540 V.
301 2519 331 2540 1.
351 2520 383 2553 7.
410 2525 479 2557 ego
498 2526 640 2559 quoque
655 2515 767 2547 etiam
842 2510 933 2545 mihi
947 2511 1135 2556 displiceo.

98 2564 238 2599 timida
262 2567 359 2609 sum.
405 2567 598 2602 Caeterum
633 2569 772 2606 'fureur
888 2574 942 2608 33-
960 2568 1002 2611 Ji
1017 2582 1067 2603 ez·
1086 2573 1151 2615 usu
1167 2570 1252 2615 eſjbt
1270 2570 1422 2616 nostro]
1447 2583 1513 2616 pro
1591 2603 1597 2609 ,

97 2620 190 2655 tium
223 2619 385 2656 imitatu·
420 2622 470 2658 est
490 2623 679 2669 Quinctil.
708 2622 768 2657 de·
841 2621 869 2657 fi
897 2623 1004 2660 nobis
1035 2625 1124 2660 utile
1154 2624 1251 2661 esset.
1278 2639 1310 2661 v.
1330 2627 1461 2664 Heaut.
1480 2628 1511 2663 1.

99 2675 206 2711 clam.
239 2677 292 2710 16.
322 2690 356 2722 p.
387 2685 465 2721 343.
485 2679 644 2717 hominis
672 2694 767 2715 unus
839 2691 875 2714 2.
892 2681 948 2723 36.

98 2735 219 2769 exitu-s
248 2736 298 2779 efi
326 2744 369 2769 uc
389 2737 432 2781 se
458 2737 593 2772 oderit.
640 2735 767 2771 Simile
