1664 3100
154 127 222 173 70
621 131 624 135 ’
720 104 1068 166 ADELPHI.

86 254 141 298 35
155 246 254 295 DE.
276 241 453 293 Probe.
487 245 570 291 ΜΙ.
595 254 646 291 et
662 253 721 291 tu
740 240 1010 291 nobiscum
1031 256 1133 290 una
1155 236 1192 288 s1'
1208 256 1340 306 opus
1362 236 1430 287 lit.
1475 240 1576 288 DE.

514 311 569 358 Ei
589 297 722 359 rhihi.
1057 326 1059 328 ·
1278 307 1280 309 ·

157 384 280 432 Non
309 392 359 428 te
384 377 512 428 haec
545 378 773 444 pudent?
851 380 942 427 Mt.
978 376 1082 424 lam
1116 393 1237 426 vero
1275 375 1452 425 omitte
1481 377 1579 424 De·

192 473 195 476 ·
514 464 626 494 mea
657 448 721 505 84)

157 519 327 564 Tuam
358 515 513 564 istanc
547 512 885 571 iracundiam,
921 525 1076 579 atque
1095 511 1166 558 ita
1189 511 1265 559 uti
1298 509 1442 559 decet

158 584 347 633 llarum
368 585 427 643 ὃᾲ)
464 599 523 631 ac
542 581 799 630 lubentem
826 581 904 630 fac
923 594 973 628 te
990 583 1044 627 in
1080 580 1216 644 gnati
1237 579 1444 645 nuptiis.
1468 612 1471 614 -

158 655 261 718 Ego
294 649 388 699 hos
424 648 485 711 86)
529 650 847 709 conveniam,
887 648 998 717 post
1027 645 1128 696 huc
1156 645 1321 696 redeo.
1399 648 1500 693 DE.
1535 647 1580 693 Ο

517 718 740 784 Iuppiter
1150 738 1153 740 ·

87 798 143 848 4ο
160 787 395 836 Hancine
427 786 603 844 vitam,
657 784 857 837 hoscine
889 800 1072 842 meree,
1103 784 1166 843 87)
1222 779 1355 832 hanc
1386 779 1581 830 demen-

521 856 676 902 tiam?

160 925 300 972 Uxor
320 919 420 969 fine
452 920 568 970 dote
591 920 769 971 veniet.
805 920 822 968 i
860 932 944 967 tus
976 916 1176 984 psaltria
1207 917 1287 975 est,

158 993 361 1039 Domus
391 990 652 1046 sumtuosa,
676 993 737 1047 88)
777 938 1061 1035 ἃὲοὴίοεηε
1083 991 1144 1043 89)
1179 983 1304 1034 luxu
1338 981 1581 1051 perditus,

159 1060 322 1106 Senex
341 1060 404 1115 90)
439 1055 682 1114 delirans,
717 1056 821 1122 ipsa
853 1053 885 1101 fi
908 1054 1083 1118 cupiat
1111 1052 1258 1101 Salus
1281 1054 1346 1111 9¹)

162 1126 371 1174 Servare
385 1125 599 1193 prorsus
623 1124 755 1174 hauc
777 1120 1016 1171 familiam
1037 1138 1142 1170 non
1163 1121 1362 1188 poterit.

227 1289 471 1346 (Aci-us
516 1294 570 1341 V.
650 1289 850 1338 SCENA
895 1288 928 1339 I.
1008 1287 1219 1337 SYRUS.
1253 1287 1522 1345 DEMEA.)

160 1403 376 1452 SYRUS.
404 1406 469 1464 92)
512 1401 738 1470 Aedepol
759 1402 948 1469 Syrisce
971 1404 1033 1459 93)
1065 1400 1246 1449 curasti
1269 1413 1318 1447 te
1339 1396 1556 1452 molliter

160 1475 424 1538 Lauteque
444 1474 508 1532 94)
543 1489 730 1520 munus
756 1469 1116 1520 amministrasti
1149 1481 1308 1516 tuum.

164 1537 281 1596 Abi,
331 1540 412 1587 sed
458 1541 727 1656 Ροὲοέὲιὲυη
770 1540 908 1588 intus
965 1538 1072 1586 sum
1131 1537 1360 1585 omnium
1413 1550 1586 1587 rerum

227 1762 293 1807 84)
314 1773 335 1795 ο
355 1761 494 1795 Demea
540 1761 605 1807 85)
627 1763 666 1796 in
688 1761 767 1796 MS.
786 1773 865 1795 cum
889 1760 1120 1806 digammate
1145 1771 1215 1802 pro
1243 1755 1403 1792 hilarum
1429 1759 1586 1796 edition.

272 1817 338 1862 86)
369 1815 561 1851 Sostratam
584 1827 618 1851 et
636 1816 749 1851 filiam
769 1829 850 1850 cum
872 1815 1036 1859 Hegione
1093 1814 1159 1859 87)
1183 1813 1222 1848 in
1241 1813 1394 1849 homine
1421 1825 1586 1862 putarem

271 1872 341 1907 effe
388 1877 447 1915 88)
473 1872 625 1920 prodiga
670 1873 736 1919 89)
761 1871 957 1908 Aeschinus
1012 1871 1078 1917 9ο)
1102 1870 1218 1905 Micio
1264 1871 1330 1916 9¹)
1357 1870 1426 1905 dea
1451 1871 1585 1907 Salutis

269 1930 336 1975 92)
361 1929 466 1975 Syrus
483 1928 578 1964 latur
597 1927 747 1964 effectus
778 1927 1027 1974 egrediebatur
1055 1928 1151 1962 sorae
1180 1927 1296 1962 laetus
1317 1926 1442 1981 dicens
1470 1928 1516 1963 ad
1537 1929 1587 1964 se-

267 1985 460 2032 metipsum
523 1977 590 2032 93)
622 1999 723 2021 more
751 1986 827 2032 Syri
857 1998 898 2020 ac
923 1997 988 2031 per
1015 1984 1088 2019 hoc
1114 1995 1196 2017 meo
1222 1981 1314 2019 ficut
1339 1983 1466 2022 solitus
1491 1984 1584 2026 sum,

272 2042 407 2090 Syrisce
434 2042 643 2078 adverbium
673 2042 858 2092 qualitatis
916 2041 982 2087 94)
1007 2039 1172 2089 pulchre.
1201 2085 1203 2087 ι

167 2186 291 2222 funem
327 2199 492 2224 tenentes
527 2182 704 2226 saltabant
735 2201 770 2226 et
799 2190 838 2224 in
915 2187 968 2235 pii
989 2186 1062 2221 filia
1082 2197 1175 2233 quae
1195 2185 1342 2222 morbos
1375 2186 1527 2234 depellit
1546 2187 1587 2225 in

168 2244 344 2280 diversum
382 2245 416 2280 se
457 2247 612 2280 invicem
646 2246 839 2282 trahebant
913 2245 1005 2279 Hec.
1025 2245 1087 2278 111.
1110 2256 1143 2277 2.
1163 2251 1196 2286 3.

166 2303 293 2337 Horat.
324 2303 461 2351 epistol.
493 2305 519 2337 Ι.
556 2316 606 2337 10.
631 2309 687 2348 47.
712 2302 774 2338 ubi
803 2315 836 2337 v.

165 2358 315 2405 interpr.
346 2359 511 2407 inprimis
531 2360 670 2394 Duker.
693 2359 740 2394 ad
759 2359 836 2394 Liv.
1026 2345 1133 2379 ACT·
1161 2345 1206 2379 V·
1268 2344 1408 2380 3⁰⁸¹*-
1440 2359 1470 2381 ¹·

164 2415 303 2450 XXVII
339 2424 392 2456 37.
963 2424 994 2446 ι.
1022 2414 1184 2458 curasti]
1242 2424 1365 2448 curare
1400 2413 1588 2461 proprium.

214 2479 269 2514 38·
299 2473 507 2516 lubentem]
565 2473 590 2507 i.
618 2485 649 2506 e.
682 2470 838 2505 hilarem
913 2468 1060 2503 verbum
1081 2466 1223 2503 mensae
1254 2480 1288 2504 et
1310 2469 1481 2504 convivii.
1510 2470 1588 2504 Ηο-

168 2527 283 2563 Plaut.
305 2529 340 2561 in
364 2528 461 2562 Persa
483 2531 527 2564 V⁴
556 2543 584 2563 1.
610 2537 644 2571 8.
698 2528 758 2562 Sic
777 2530 836 2563 lu·
913 2536 980 2563 rat.
998 2525 1109 2573 Epist.
1132 2527 1160 2560 1.
1179 2531 1213 2569 4.
1232 2534 1283 2568 15.
1309 2525 1398 2560 hinc
1419 2525 1586 2574 frequens

167 2585 293 2620 hemia
323 2588 579 2621 conviviorum
608 2598 673 2633 pro
701 2584 837 2621 hilari·
916 2582 1013 2631 apud
1038 2582 1229 2618 historicos
1259 2581 1310 2618 est
1338 2582 1477 2618 locutio
1505 2596 1586 2619 cor—

165 2652 247 2687 pate
267 2640 360 2674 dixit
380 2641 521 2676 Gellius
543 2644 568 2676 1.
593 2651 626 2684 5.
647 2654 680 2677 2.
912 2637 984 2686 'pru-
1002 2652 1145 2675 curare.
1172 2651 1203 2673 v.
1224 2638 1429 2675 Broukhus.
1451 2638 1498 2675 ad
1522 2639 1595 2676 Ti·

213 2703 271 2742 43.
298 2699 430 2743 Salus]
480 2697 531 2736 est
549 2699 649 2741 Dea,
675 2697 843 2735 Aescula-
913 2696 1007 2734 bull.
1024 2698 1054 2733 1.
1080 2704 1114 2741 5.
1136 2703 1192 2740 33.
