1664 3100
211 183 246 237 4
744 174 1098 222 ADELPHI.
1132 136 1134 138 V

328 303 634 364 Sinapothnes
672 303 878 346 comedia
923 303 984 347 est
1024 310 1194 347 contes
1235 300 1359 346 difili.
1450 301 1622 345 Contes

217 375 366 419 difilus
405 388 567 434 grecus
610 373 824 416 comedas
865 373 974 423 fuit,
1020 375 1096 428 qui
1139 369 1385 429 composuit
1410 369 1621 419 fabulam,

217 459 348 500 quam
370 443 603 502 appellavit
625 439 933 498 finapofflnes,
961 455 1071 496 quae
1101 440 1236 483 latine
1265 439 1390 482 sonat
1425 453 1622 482 commo-

214 517 409 561 rientes,
438 516 563 554 euius
587 511 759 554 fabulae
788 519 962 567 partem
991 512 1068 553 ubi
1095 509 1262 558 dicitur
1283 507 1537 551 adolescens
1563 508 1621 551 le-

214 586 325 625 noni
356 585 384 623 i.
419 595 456 623 e.
490 578 755 622 confiliatori
784 577 921 636 stupri
945 577 1111 627 tulisse,
1145 593 1247 620 cum
1276 576 1458 620 Plautus
1490 586 1621 621 vetus

217 654 415 693 comicus
446 653 661 691 intactam
704 646 925 690 dimisisset
965 646 1077 690 nihil
1107 646 1214 688 inde
1249 648 1436 695 dicens,
1486 657 1620 705 poeta

215 717 493 766 Terentius,
537 716 748 759 comedas
791 716 998 758 videlicet
1025 729 1169 758 novus
1207 728 1304 757 eam
1333 724 1507 773 partem
1541 715 1620 759 fibi

213 785 360 829 sumfit
386 789 434 828 in
466 784 728 843 Adelphos,
768 782 811 825 h.
842 799 879 828 e.
907 788 954 827 in
988 785 1159 827 causam
1187 783 1379 833 duorum
1412 785 1618 829 fratrum.

212 852 449 912 Adelphae
486 858 653 898 etenim
693 854 907 896 dicuntur
956 856 1125 912 gemini
1176 853 1367 902 fratres,
1413 852 1499 897 five
1546 870 1619 912 ge-

211 921 424 965 neraliter
471 922 636 965 fratres
691 927 942 978 quicunque
993 922 1140 979 aliquo
1204 925 1392 964 nomine
1443 922 1620 966 censen-

211 998 313 1039 tur,
352 999 398 1032 et
429 989 620 1033 sorores.
678 990 804 1032 Haec
846 999 993 1032 autem
1025 990 1176 1034 fabula
1201 991 1374 1033 idcirco
1404 990 1619 1049 Adelphe

213 1068 428 1107 vocatur,
486 1062 602 1113 quia,
633 1058 803 1102 causam
850 1060 1042 1103 duorum
1089 1060 1280 1102 fratrum
1330 1069 1482 1103 narrat
1528 1061 1620 1104 De-

214 1142 351 1174 meae.
378 1136 423 1171 et
451 1127 679 1170 Micionis.
756 1128 930 1170 Demea
963 1116 1178 1185 siquidem
1206 1126 1363 1171 habuit
1394 1129 1510 1172 duos
1541 1128 1620 1173 fili-

208 1210 277 1246 os,
307 1211 499 1252 quorum
519 1196 711 1239 alterum
735 1190 1068 1240 commendavit
1094 1197 1224 1239 fratri
1245 1196 1321 1240 suo
1345 1197 1618 1255 Micioniflad

206 1265 524 1315 nutriendum,
553 1268 627 1320 qui
652 1266 908 1307 morabatur
928 1269 975 1307 in
998 1266 1110 1308 urbe
1139 1275 1184 1308 et
1214 1263 1301 1308 fine
1333 1278 1476 1309 uxore
1502 1272 1614 1312 erat*-

204 1333 414 1377 Alterum
438 1341 586 1376 autem
605 1337 794 1376 retinuit
817 1333 915 1382 fibi,
942 1349 1044 1377 cum
1068 1350 1158 1390 quo
1186 1335 1446 1378 morabatur
1469 1339 1518 1380 in
1543 1353 1618 1382 ru·

203 1417 268 1445 re.
323 1402 447 1446 Dum
479 1417 587 1460 ergo
608 1402 777 1451 Micio,
811 1407 886 1458 qui
913 1407 960 1446 in
993 1405 1105 1446 urbe
1135 1403 1389 1455 habitabat,
1416 1403 1616 1453 lascivia·

201 1475 484 1529 permitteret
503 1479 714 1528 nepotem
735 1469 859 1513 suum
876 1473 1093 1525 tendere,
1134 1477 1344 1528 quoniam
1368 1477 1459 1517 vita
1484 1477 1615 1520 ιιι-δερ
1639 1461 1642 1464 ’

201 1555 259 1583 na
287 1539 431 1583 ociosa
461 1539 569 1582 solet
600 1539 708 1588 esse,
748 1541 1047 1598 redarguebat
1075 1540 1202 1584 illum
1230 1542 1369 1584 frater
1399 1541 1500 1589 suus
1522 1543 1615 1587 De«

200 1622 314 1653 mea.
370 1609 558 1653 Caetera
578 1606 771 1665 pleniter
791 1609 987 1667 legendo
1014 1609 1302 1654 videbuntur.
