1708 3106
181 161 278 206 ¹70

717 115 1050 195 HECYRA.

100 286 154 332 30
169 278 399 344 Myrrina
421 280 493 329 ita
515 279 766 347 Phidippo
793 281 929 331 dixit.
994 287 1109 331 Iure
1131 282 1350 333 iurando
1374 260 1570 343 7)''meo··

175 350 239 397 Se
261 346 409 397 fidem
432 348 668 406 habuisse,
694 356 744 410 8)·
768 366 818 398 et
838 363 1106 417 propterea
1130 364 1180 400 te
1206 349 1294 400 fibi
1313 353 1598 419 purgatum.

247 436 250 438 ·
531 417 681 466 PAM.
716 420 936 484 Optume
961 419 1052 474 est3

172 479 435 552 Speroque
475 484 608 535 hanc
646 503 749 534 rem
793 486 886 535 esse
920 500 1184 537 venturam
1224 485 1372 538 nobis
1403 489 1600 539 ex'l'en·
1668 474 1671 475 ⁷

533 555 705 602 tentia.
729 558 768 614 9)

171 619 307 670 PAR.
339 620 457 681 Ere,
489 620 672 671 licetne
705 639 784 670 me
806 624 843 683 *)
887 588 1007 671 scire
1031 640 1092 671 ex
1112 634 1162 671 te
1187 624 1265 687 ¹⁰)-
1289 620 1442 672 hodie
1472 620 1601 690 quid

535 687 592 737 fit
612 689 754 756 quod
774 690 867 739 feci
890 690 1024 749 boni,
1051 695 1106 751 ¹¹)

174 754 278 805 Aut
307 755 440 824 quid
466 758 591 807 istuc
617 759 706 815 est,
750 758 891 824 quod
921 776 1012 808 vos
1047 759 1225 824 agitis?
1293 755 1444 806 PAM.
1476 759 1600 808 Non

531 824 661 874 licet.

732 828 865 875 PAR.
899 830 1096 876 Tamen
1129 825 1359 892 suspicor.

101 900 156 949 35
171 895 309 959 Egon
330 891 467 943 hunc
486 892 549 942 ab
573 911 694 943 orco
718 911 975 944 mortuum
1004 899 1060 956 ¹²)
1094 911 1199 961 quo
1221 896 1406 960 pacto?
1450 891 1600 942 PAM.

531 962 704 1012 Nescis
733 966 980 1013 Parmeno

171 1031 432 1096 Quantum
451 1029 702 1096 profueris
731 1030 856 1079 mihi
883 1029 1035 1080 hodie
1059 1042 1110 1078 et
1138 1046 1200 1078 ex
1229 1042 1426 1096 quanta
1454 1046 1601 1084 aeru-

531 1115 651 1146 mna
689 1100 980 1148 extraxeris.
1250 1101 1253 1103 ’
1632 1112 1634 1114 ’

171 1162 306 1214 PAR.
345 1169 503 1214 Immo
542 1183 663 1214 vero
708 1167 830 1225 scio,
883 1184 977 1216 nec
1012 1166 1110 1216 hoc
1153 1162 1449 1231 imprudens
1489 1164 1602 1214 feci.

531 1232 680 1283 PAM.
714 1238 816 1301 Ego
836 1235 961 1284 istuc
982 1236 1097 1283 satis
1123 1234 1233 1282 scio.
1401 1275 1407 1280 .

173 1303 310 1351 PAR.
343 1305 421 1349 An
443 1314 630 1351 temere
664 1303 940 1370 quicquam
974 1306 1336 1362 Parmenonem
1369 1303 1426 1357 ι5)
1459 1316 1603 1367 prae·

531 1384 713 1428 tereat,
748 1370 892 1438 quod
920 1371 1058 1420 facto·
1081 1371 1197 1419 usus
1226 1372 1284 1428 ι4)
1319 1365 1436 1418 fiet?

173 1441 327 1488 PAM.
367 1440 588 1506 Sequere
615 1457 694 1487 me
722 1440 858 1488 intro
886 1443 1146 1488 Parmeno.

1227 1437 1359 1486 PAR.
1402 1439 1602 1504 Sequor
1640 1483 1648 1490 ,,

531 1506 790 1574 equidem3
812 1504 857 1567 ³¹¹²)
889 1507 1005 1573 plus
1026 1506 1177 1555 hodie
1197 1504 1323 1554 boni

98 1590 152 1637 4ο
168 1576 286 1625 Feci
305 1574 614 1641 imprudens,
651 1593 802 1641 quam
834 1576 1005 1624 sciens·
1024 1588 1141 1623 ante
1172 1572 1313 1622 hunc
1344 1570 1478 1625 diem,
1508 1588 1599 1620 un·

532 1661 699 1710 quam.
730 1661 773 1692 ω,
808 1646 1145 1692 PLAUmTE.

262 1740 312 1786 P.
346 1738 658 1787 TERENTII
690 1737 834 1785 AFRI
870 1739 1150 1785 EXPLICIT
1184 1736 1452 1784 HECYRA.
1472 1735 1513 1796 ¹⁸¹)

229 1870 271 1917 7)
297 1869 336 1904 in
365 1868 612 1904 iureiurando.
677 1873 713 1912 8)
741 1868 931 1906 eredidiffe
978 1873 1016 1915 9)
1047 1881 1090 1904 ex
1106 1879 1191 1905 voto
1237 1869 1268 1911 ⁴)
1287 1867 1378 1915 edi'e.
1397 1871 1520 1905 omitt.
1538 1873 1600 1903 'me

276 1927 379 1971 preb.
412 1929 536 1963 Bentl.
588 1930 645 1968 ιο)
675 1939 740 1974 per
769 1937 804 1963 te
869 1927 929 1972 ιι)
953 1925 1119 1966 nuntiavi
1189 1929 1244 1966 12)
1266 1925 1397 1961 reddet
1455 1926 1515 1971 13)
1539 1938 1600 1960 me

279 1986 342 2030 14)
366 1997 458 2031 opus
504 1984 541 2030 ³)
565 1985 659 2022 edit.
679 1985 836 2032 discing.
855 1989 938 2030 post
964 1981 1095 2031 sequor
1140 1983 1177 2029 ⁴)
1198 1983 1290 2020 edic.
1313 1981 1600 2018 CALLIOPIUS

274 2041 531 2079 RECENSUI.

216 2175 273 2210 38.
301 2171 360 2205 An
380 2180 515 2205 temere
543 2169 737 2217 quicquam
763 2170 850 2203 Par·

170 2240 275 2262 meno
295 2225 528 2270 praetereat]
576 2223 723 2271 Duplex
739 2223 848 2258 huius

170 2282 245 2316 loci
272 2281 444 2330 scriptura
471 2281 540 2320 est,
580 2281 680 2316 unde
712 2280 848 2328 duplex

172 2340 282 2374 etiam
302 2338 419 2374 sensus
444 2338 613 2373 nalcitur.
650 2338 689 2373 Si
707 2337 847 2383 legatur

172 2409 224 2432 an
252 2392 385 2432 temere
418 2384 612 2442 quiequam
650 2398 847 2431 Parmeno-

171 2467 252 2490 nem
276 2464 498 2498 praetereat.
532 2453 652 2490 sensus
682 2453 753 2490 est:
801 2466 847 2488 an

168 2512 345 2546 Parmeno
368 2509 508 2556 aliquid
530 2510 680 2558 ignoret,
708 2523 753 2545 en
766 2513 849 2546 Par-

170 2566 321 2602 menoni
342 2565 481 2614 aliquid
499 2567 682 2603 occultum
700 2566 754 2606 fit.
768 2569 847 2603 Cic.

173 2623 218 2657 ad
241 2623 324 2658 Div.
342 2624 369 2659 I.
386 2624 502 2669 6.]ἓᾶ
520 2637 556 2661 te
575 2640 649 2661 non
667 2628 849 2670 praeterit

172 2694 282 2730 quam
300 2680 357 2726 fic
384 2681 557 2727 difficile.
581 2680 789 2718 Columella
810 2682 849 2717 in

925 2162 1037 2214 praef.
1051 2162 1077 2200 l.
1095 2177 1123 2199 ι.
1139 2163 1184 2199 de
1195 2176 1232 2200 re
1243 2162 1327 2200 rust.
1338 2177 1415 2200 non
1427 2177 1482 2198 me
1494 2176 1601 2208 prae·

925 2226 1027 2261 terit.
1047 2222 1109 2258 Sin
1129 2222 1268 2267 legatur
1288 2234 1339 2256 an
1352 2233 1484 2256 temere
1501 2222 1602 2266 quie-

926 2294 1034 2330 quam
1055 2271 1232 2315 Przrmeno
1256 2287 1492 2323 praetereat.
1522 2275 1602 2311 Ien-

924 2337 980 2373 sus
1011 2336 1080 2376 est,
1121 2347 1165 2369 au
1195 2335 1372 2370 Parmeno
1402 2332 1600 2380 quicquam
1639 2381 1641 2383 Ι

925 2394 1070 2430 omittat
1107 2390 1207 2439 quod
1240 2391 1329 2426 utile
1371 2390 1508 2426 factum
1543 2388 1600 2426 fit.

922 2450 996 2488 Sed
1014 2461 1234 2499 quocunque
1253 2448 1522 2494 modolegatur.
1536 2445 1601 2482 hie

923 2508 1039 2544 versus
1068 2520 1136 2543 nec
1161 2505 1380 2542 Parmenoni
1398 2518 1467 2540 nee
1498 2507 1601 2540 Pam·

925 2566 1032 2616 philo
1049 2561 1263 2600 tribuendus
1283 2561 1344 2602 est,
1357 2561 1416 2597 fed
1428 2560 1598 2600 Bachidi.

927 2636 1020 2672 quae
1050 2631 1085 2656 et
1106 2619 1180 2669 ipse
1202 2621 1464 2655 Parmenonem
1490 2616 1598 2664 ridet.

925 2694 958 2720 v.
978 2678 1097 2715 Bentl.
1117 2677 1164 2713 ad
1181 2677 1219 2713 h.
1239 2676 1266 2711 l.
