1664 3100
183 184 267 255 36-
709 179 1065 228 ADELPHI.

185 317 280 366 GE.
301 319 396 366 Era
417 314 668 366 lacrumas
690 314 922 374 mitte‚4²)
945 331 1004 363 ac
1023 314 1199 376 potius
1224 310 1364 381 quod
1386 310 1452 362 ad
1472 310 1608 367 hano

543 400 647 431 rem
673 400 804 449 opus
825 384 894 431 est
919 400 1073 448 porro
1109 381 1324 441 consule,

184 453 521 510 Patiamurne,
548 453 613 510 43)
656 469 719 499 an
750 467 1015 500 narremus
1044 451 1276 517 cuipiam.
1293 451 1366 511 44)
1442 447 1536 498 80.
1565 450 1605 511 ⁵¹)

543 524 636 576 Au,
659 536 738 575 au,
764 519 831 565 mi
858 518 1023 567 homo.
1061 520 1207 567 sanus
1232 537 1335 567 non
1358 536 1425 567 es.
1447 520 1509 579 **)

187 594 265 638 An
293 587 646 656 proferendum
679 590 739 645 46)
796 585 895 635 hoc
925 586 1016 635 tibi
1043 586 1243 635 videtur
1273 589 1539 654 unquam?
1565 584 1606 646 ¹)

544 654 637 702 GE.
676 653 805 702 Mihi
826 655 1027 721 quidem
1050 672 1151 702 non
1176 652 1352 720 placet.

114 739 171 788 4ο
187 728 293 775 Iam
311 724 531 791 primum
561 721 700 771 illum
724 720 891 771 alieno
915 724 1082 771 animo
1109 721 1172 771 ab
1195 720 1346 772 nobis
1373 721 1488 781 esse,
1519 739 1603 772 res
1652 766 1655 769 ,

543 792 645 857 ipsa
675 789 878 839 indicat.

186 865 342 913 Nunc
378 857 413 907 fi
450 857 549 908 hoc
594 856 758 924 palam
813 857 1125 924 proferemus
1165 859 1204 920 ⁴²)
1271 855 1354 907 ille
1405 855 1603 908 inficias

540 925 644 975 ibit.
666 924 728 986 46)
781 928 869 975 Sat
901 927 1000 975 scio
1028 929 1066 986 ⁴¹)
1225 947 1228 950 ·

193 1001 313 1047 Tua
336 995 483 1053 fama,
521 1008 571 1043 et
587 1001 768 1059 gnatae
792 995 894 1042 vita
918 995 969 1042 in
992 992 1206 1047 dubium,
1226 994 1408 1045 veniet.
1463 995 1606 1042 Tum

403 1077 407 1081 ·
541 1060 576 1110 fi
608 1063 823 1110 maxime
1055 1116 1057 1118 ,

187 1136 439 1190 Fateatur,
460 1131 526 1190 47)
553 1148 668 1179 cum
693 1143 830 1178 amat
845 1127 886 1192 *)
918 1128 1081 1193 aliam,
1105 1147 1211 1179 non
1234 1130 1304 1179 est
1324 1127 1450 1178 utile
1470 1126 1606 1178 hauc

543 1197 615 1246 illi
647 1197 778 1246 dare.

183 1270 510 1334 Quapropter
521 1283 736 1343 quoquo
759 1278 911 1342 pacto
928 1259 1093 1313 celato
1105 1267 1170 1344 48)
1187 1266 1226 1325 *)
1250 1266 1476 1332 estopus.
1511 1266 1604 1315 SO.

543 1333 632 1382 Ah.
668 1334 872 1381 minime
892 1336 954 1391 49)
991 1335 1216 1398 gentium
1636 1352 1641 1353 ⁷

112 1414 169 1465 45
183 1406 305 1455 Non
331 1402 523 1453 faciam.
552 1407 615 1462 5⁰)
682 1404 777 1449 GE
815 1401 948 1467 Quid
980 1402 1123 1466 agis?
1200 1401 1294 1450 SO.
1337 1378 1606 1451 Proferam.

541 1472 638 1518 GE.
661 1472 791 1518 Hem
812 1487 923 1518 mea
939 1469 1173 1528 Sostrata,
1190 1470 1305 1521 vide
1323 1487 1480 1538 quam
1497 1486 1604 1518 rem

545 1555 676 1602 agas.
700 1541 762 1595 50

182 1609 275 1658 SO.
304 1606 479 1655 Peiore
498 1622 578 1653 res
602 1604 717 1652 loco
739 1622 842 1652 non
871 1604 1033 1669 potest
1060 1605 1179 1663 esse,
1221 1622 1377 1671 quam
1405 1605 1461 1654 in
1494 1621 1600 1672 quo

540 1689 678 1720 nunc
707 1669 794 1719 fita
817 1673 895 1720 est

182 1743 401 1792 Primum
427 1738 657 1789 indotata
676 1739 756 1796 est,
777 1741 841 1798 5²)
870 1751 975 1787 tum
998 1753 1258 1805 praeterea
1280 1757 1417 1807 quae
1430 1741 1598 1790 secun-

543 1806 606 1854 da
632 1808 677 1854 ei
710 1806 802 1855 dos
835 1823 940 1855 erat
962 1814 1022 1867 53)

178 1877 343 1926 Periit.
377 1878 473 1924 Pro
491 1874 683 1938 virgine
707 1874 813 1922 dari
835 1889 1052 1941 nuptum
1071 1871 1137 1938 54)
1169 1893 1275 1925 non
1307 1875 1476 1943 potest.
1499 1873 1600 1925 hoc

530 1940 779 2008 reliquum
805 1943 884 1991 est.

238 2057 298 2099 42)
327 2052 453 2088 omitte
506 2053 572 2097 45)
594 2050 666 2086 hoc
684 2051 800 2086 celare
844 2054 910 2098 44)
937 2052 1020 2088 vel?
1066 2053 1104 2100 *)
1128 2054 1219 2090 edit.
1239 2055 1347 2101 falso
1374 2054 1508 2090 tribuit
1527 2052 1594 2088 Ca.

283 2110 341 2155 *Ἴ
357 2111 447 2146 edic.
467 2107 619 2144 sanusne
639 2121 675 2143 en
722 2112 783 2152 45)
808 2108 1070 2156 publicandum
1092 2110 1216 2158 aliquo
1233 2111 1317 2146 loco
1337 2134 1342 2146 .
1365 2110 1404 2156 ')
1426 2110 1518 2147 edit.
1538 2121 1597 2144 us-

284 2179 393 2216 quam
414 2165 482 2201 esse
503 2168 623 2203 Bentl.
641 2166 779 2211 probae
798 2178 948 2212 usquam
962 2192 971 2206 ,
997 2171 1121 2204 reiicit
1141 2166 1211 2202 esse
1266 2168 1306 2214 *)
1331 2168 1423 2204 edit.
1471 2165 1595 2201 referi·
1652 2170 1657 2210 '-

279 2236 362 2258 mus
409 2225 473 2269 46)
493 2225 530 2258 in
551 2223 762 2269 negationes
784 2234 825 2256 ac
844 2234 907 2269 per
927 2222 1000 2257 hoe
1011 2223 1159 2269 negabit
1178 2236 1198 2258 a
1216 2224 1252 2259 se
1271 2225 1407 2260 factum
1445 2225 1480 2266 ⁸)
1499 2225 1592 2260 edic.

281 2282 436 2330 disting.
465 2284 546 2328 post
573 2280 645 2315 scio
718 2279 784 2323 47)
807 2278 904 2313 hauc
935 2280 968 2313 se
993 2281 1083 2315 velle
1110 2280 1244 2316 habere
1309 2282 1345 2327 ³)
1369 2283 1460 2318 edit.
1483 2291 1592 2318 amet.

278 2338 345 2383 48)
374 2338 490 2373 celatu
554 2339 701 2380 *)edie.
733 2335 845 2371 tacito
908 2341 968 2382 49)
995 2336 1209 2384 nequiffime
1271 2341 1332 2380 50)
1358 2351 1434 2373 non
1461 2335 1587 2372 caltha
1650 2367 1652 2370 ,

276 2395 341 2439 51)
366 2394 548 2429 considera
569 2394 657 2442 quid
676 2405 775 2428 nunc
794 2403 877 2438 agas
922 2396 982 2435 52)
1007 2406 1083 2428 non
1103 2394 1243 2441 accepit
1267 2393 1411 2430 dotem
1439 2395 1504 2459 ᾖ)
1523 2393 1590 2429 vit·
1647 2384 1659 2440 ’χ

277 2449 410 2495 ginita·
470 2452 535 2498 54)
560 2452 606 2486 ad
634 2448 859 2486 nubendum.

169 2597 502 2645 gremioponerent.
522 2612 553 2633 v.
566 2600 713 2635 Homer.
733 2595 839 2632 Iliad.
916 2594 1156 2640 virginitatem
1184 2594 1240 2630 vel
1267 2594 1486 2642 pudicitiam
1513 2594 1586 2631 illi-

163 2657 306 2740 l?.l455.
328 2663 364 2688 et
383 2652 592 2700 Tanaquill.
615 2653 768 2688 Fabrum
790 2651 836 2686 ad
911 2651 1052 2752 ξέἑεω.
1100 2652 1217 2688 plaut.
1237 2650 1582 2700 inAmphin..11.n.

209 2767 266 2808 47.
293 2763 459 2808 secunda
501 2764 596 2805 dos]
662 2763 835 2810 intelligit
