1708 3106
211 143 305 190 130
755 125 1086 188 HECYRA.

205 278 451 343 Quaeque
475 272 590 324 fors
604 277 644 334 5)
675 273 877 324 fortuna
898 275 998 324 est'
984 275 1155 343 inquit
1177 270 1219 337 6)
1252 271 1404 323 nobis
1424 290 1566 341 quae
1580 287 1632 325 te

563 341 714 391 hodie
735 341 935 402 obtulit,
1656 363 1662 366 “

208 413 304 461 Per
333 427 442 459 eam
469 414 507 472 7)
542 423 592 459 te
626 409 947 463 obsecramus
983 409 1174 470 ambae,
1199 415 1238 475 8)
1292 408 1367 459 fi
1354 428 1459 469 ms,
1490 407 1526 458 fi
1555 409 1633 460 fas

565 479 645 537 est,
680 479 755 527 uti
778 481 821 538 9)
893 492 895 494 ·

207 544 428 598 Advolsa
463 547 591 661 eiuss
608 564 698 611 per
727 560 776 596 te
818 560 952 596 tecta
993 547 1254 614 tacitaque
1287 544 1426 613 apud
1456 561 1634 595 omnes

581 628 698 663 ient.

208 684 261 734 Si
283 670 512 750 uuquam
539 700 654 759 erg-a
679 697 727 731 te
747 683 916 732 animo
940 682 1032 731 esse
1055 683 1219 731 amico
1248 679 1424 730 senfisti
1445 699 1554 730 earn
1577 682 1636 743 ¹⁰)

568 752 635 797 mi
659 749 917 816 Pamphile

139 831 196 875 30
212 820 328 871 Sine
347 816 522 868 labore
548 818 608 881 ¹¹)
643 769 813 868 haucp
804 818 1016 884 gratiam
1041 829 1091 866 te
1119 817 1197 866 uti
1225 813 1313 866 fibi
1339 814 1427 866 des
1455 817 1517 876 ¹2)
1550 813 1638 866 illa

570 904 706 935 nunc
734 899 890 951 rogat.

211 959 476 1005 Caeterum
508 953 568 1003 de
604 953 895 1004 reducenda
922 951 974 1002 id
1004 953 1162 1003 facias
1193 951 1383 1020 quod
1369 970 1422 1001 m
1442 970 1548 1001 rem
1575 930 1708 1026 ι5).

570 1020 627 1071 fit
648 1036 799 1071 tuam.

209 1091 466 1141 Parturire
489 1108 599 1140 eam
621 1107 790 1157 neque
813 1088 1072 1156 gravidam
1093 1089 1186 1138 esse
1207 1106 1270 1138 ex
1298 1101 1348 1138 te
1366 1086 1500 1138 solus
1519 1105 1639 1138 con·

569 1159 711 1208 scius.
746 1161 804 1214 ’4)
1674 1163 1702 1179 ”

209 1231 345 1278 Nam
387 1227 532 1276 aiunt
560 1240 728 1275 tecum
760 1226 871 1291 post
907 1223 1113 1275 duobus
1160 1223 1486 1276 concubuisse
1526 1241 1639 1290 eam

569 1291 833 1342 menfibus.
1494 1344 1502 1347 Δ

216 1367 354 1413 Tum
379 1362 644 1430 postquam
667 1360 730 1410 ad
753 1374 800 1410 te
822 1362 980 1422 venit,
1017 1359 1196 1411 menfis
1231 1361 1395 1427 agitur
1423 1357 1511 1410 hic
1536 1359 1639 1409 iam

572 1430 821 1496 septimus.

141 1510 195 1554 35
211 1498 362 1567 Quod
396 1512 445 1548 te
473 1499 594 1549 scire
624 1498 727 1564 ipsa
756 1497 949 1548 indicat
975 1515 1073 1549 res.
1141 1500 1299 1548 Nunc
1337 1492 1372 1544 fi
1400 1497 1539 1562 potis
1571 1496 1643 1546 est

568 1569 684 1614 Pam
690 1564 840 1630 phile,

205 1635 428 1684 Maxime
464 1631 583 1684 volo
626 1634 796 1700 doque
839 1651 1060 1700 operam,
1083 1633 1145 1693 ¹5)
1181 1644 1242 1682 ut
1273 1629 1404 1682 clam
1439 1632 1643 1723 eveniat

567 1719 659 1766 pai
663 1714 740 1749 tus
762 1715 957 1767 patrem

206 1775 374 1836 Atque
409 1768 535 1817 adeo'
571 1786 762 1817 omnes.
839 1769 938 1818 Sed
968 1767 1003 1816 fi
1032 1766 1140 1816 fieri
1161 1785 1264 1817 non
1286 1767 1472 1833 potest,
1507 1767 1637 1835 quin

564 1835 796 1892 sentiant,
831 1834 887 1897 ’6)

205 1905 388 1956 Dicam
410 1901 647 1952 abortum
669 1904 784 1960 esse3
812 1911 869 1963 17)
910 1903 1008 1952 scio
1039 1903 1173 1952 enim
1194 1899 1238 1965 ³¹²)
1272 1901 1462 1951 nemini
1490 1899 1637 1953 aliter

568 1971 844 2036 suspectum
867 1970 989 2030 fore,

268 2117 311 2163 5)
340 2113 511 2149 fortuitus
538 2123 686 2149 eventus
739 2113 782 2159 6)
809 2125 923 2150 mater
951 2113 1192 2150 Philumenae
1245 2115 1287 2160 7)
1310 2112 1495 2149 fortunam
1534 2117 1589 2159 ’8)
1610 2127 1634 2150 ο

310 2170 502 2217 Pamphile
540 2172 582 2217 9)
604 2180 643 2205 ut
690 2170 751 2215 ιο)
776 2169 910 2206 senfisti
932 2172 1033 2206 illam
1055 2170 1268 2207 benevolam
1289 2182 1370 2215 erga
1403 2181 1438 2206 te
1485 2173 1542 2212 ιι)
1568 2181 1633 2207 tuo

313 2229 375 2273 12)
400 2239 441 2262 ut
455 2228 555 2262 'celes
608 2228 668 2273 ¹3)
695 2227 733 2261 in
753 2229 973 2275 ‘potestatem
1026 2233 1081 2275 14)
1107 2242 1143 2265 es
1195 2232 1250 2271 ¹5)
1275 2227 1360 2262 ideo
1383 2227 1541 2263 adhibeo
1563 2225 1634 2263 stu·
1678 2234 1686 2240 '

310 2284 414 2318 dium
478 2284 532 2324 16)
564 2297 692 2319 omnes
754 2289 808 2330 ¹7)
837 2285 1040 2327 abortivum
1102 2287 1139 2333 ⁴)
1166 2289 1259 2325 edic.
1286 2299 1323 2324 ec
1353 2287 1476 2325 Bencl.
1505 2277 1631 2323 omit}-

310 2342 407 2377 enim
428 2345 556 2378 textui
568 2342 866 2389 fimet-scriptum·
886 2347 926 2380 in
946 2344 1033 2380 cod.

247 2470 269 2485 l

249 2523 307 2556 27.
334 2510 375 2555 fi
397 2514 456 2547 ius
476 2511 515 2556 fi
532 2512 605 2556 fas
623 2511 699 2558 est]
747 2512 803 2548 ius
826 2511 876 2549 est
952 2524 992 2548 ta
1015 2511 1067 2547 de
1093 2510 1167 2547 hoc
1188 2509 1403 2548 descrimine
1419 2513 1562 2550 Duker·
1579 2511 1630 2548 ad

202 2567 258 2602 ius
283 2568 506 2606 humanum,
541 2568 594 2604 fas
623 2569 672 2604 est
702 2569 757 2604 ius
786 2568 876 2603 divi·
951 2569 1188 2606 Flor.11.2o.
1215 2574 1348 2615 p.475.

200 2636 301 2659 num.
322 2624 450 2670 virgil.
466 2624 598 2670 Georg.
617 2626 645 2659 Ι.
665 2626 746 2671 269.
758 2627 874 2669 festis
998 2634 1056 2668 30.
1083 2627 1252 2674 gratiam
1276 2626 1365 2670 des]
1425 2625 1447 2660 i.
1466 2638 1497 2661 e.
1516 2622 1627 2661 'benc-

199 2682 381 2728 quaedam
400 2695 573 2719 exercere
591 2683 720 2718 diebus
743 2683 815 2718 Fas
836 2695 873 2718 ec
950 2682 1085 2717 ficium.
1112 2683 1230 2718 Plaut.
1261 2682 1299 2717 iu
1329 2682 1472 2729 (Σειρήν.
1499 2682 1562 2717 111.
1589 2674 1625 2724 ς’.

197 2741 283 2775 iura
298 2738 433 2784 sinunt
460 2737 521 2774 ubi
542 2751 573 2774 v.
595 2738 769 2774 Setvium.
790 2737 873 2774 Plu·
948 2740 1005 2783 63.
1035 2740 1083 2775 ab
1108 2753 1150 2777 eo
1176 2742 1296 2786 petico
1314 2742 1485 2788 gratiam
1502 2734 1623 2786 ι’]ὶαηὶ.
