<?xml version="1.0" encoding="UTF-8"?>
<!DOCTYPE html PUBLIC "-//W3C//DTD XHTML 1.0 Transitional//EN"
    "http://www.w3.org/TR/xhtml1/DTD/xhtml1-transitional.dtd">
<html xmlns="http://www.w3.org/1999/xhtml" xml:lang="en" lang="en">
 <head>
  <title>
</title>
<meta http-equiv="Content-Type" content="text/html;charset=utf-8" />
  <meta name='ocr-system' content='tesseract 3.04.00' />
  <meta name='ocr-capabilities' content='ocr_page ocr_carea ocr_par ocr_line ocrx_word'/>
</head>
<body>
  <div class='ocr_page' id='page_1' title='image "./comoediaesex02tereuoft_0249.png"; bbox 0 0 1708 3106; ppageno 0'>
   <div class='ocr_carea' id='block_1_1' title="bbox 0 0 1487 236">
    <p class='ocr_par' dir='ltr' id='par_1_1' title="bbox 0 0 1487 236">
     <span class='ocr_line' id='line_1_1' title="bbox 0 0 1487 236; baseline 0.003 -35"><span class='ocrx_word' id='word_1_1' title='bbox 0 0 79 236; x_wconf 69' lang='grc' dir='ltr'>Γ</span> <span class='ocrx_word' id='word_1_2' title='bbox 132 137 136 139; x_wconf 60' lang='lat'>‚</span> <span class='ocrx_word' id='word_1_3' title='bbox 357 171 360 176; x_wconf 93' lang='grc'><em>·</em></span> <span class='ocrx_word' id='word_1_4' title='bbox 490 153 633 204; x_wconf 69' lang='lat' dir='ltr'><strong>Aer.</strong></span> <span class='ocrx_word' id='word_1_5' title='bbox 676 157 731 204; x_wconf 75' lang='lat' dir='ltr'><strong>V.¹</strong></span> <span class='ocrx_word' id='word_1_6' title='bbox 814 155 995 205; x_wconf 65' lang='lat' dir='ltr'><strong>Scan.</strong></span> <span class='ocrx_word' id='word_1_7' title='bbox 1044 155 1079 206; x_wconf 80' lang='grc' dir='ltr'><strong>Ῑ.</strong></span> <span class='ocrx_word' id='word_1_8' title='bbox 1396 165 1487 219; x_wconf 71' lang='grc' dir='ltr'><strong>24ἰ</strong></span> 
     </span>
    </p>
   </div>
   <div class='ocr_carea' id='block_1_2' title="bbox 0 258 1491 1496">
    <p class='ocr_par' dir='ltr' id='par_1_2' title="bbox 0 258 1491 1496">
     <span class='ocr_line' id='line_1_2' title="bbox 0 258 1491 355; baseline -0.001 -12"><span class='ocrx_word' id='word_1_9' title='bbox 0 258 11 355; x_wconf 53' lang='lat' dir='ltr'><strong>f</strong></span> <span class='ocrx_word' id='word_1_10' title='bbox 54 295 180 344; x_wconf 78' lang='lat' dir='ltr'>=CH.</span> <span class='ocrx_word' id='word_1_11' title='bbox 199 289 490 344; x_wconf 81' lang='lat' dir='ltr'><strong>Conclusam</strong></span> <span class='ocrx_word' id='word_1_12' title='bbox 509 285 593 340; x_wconf 84' lang='lat' dir='ltr'><strong>hic</strong></span> <span class='ocrx_word' id='word_1_13' title='bbox 622 287 785 339; x_wconf 87' lang='lat' dir='ltr'><strong>habeo</strong></span> <span class='ocrx_word' id='word_1_14' title='bbox 809 307 1018 340; x_wconf 80' lang='lat' dir='ltr'><strong>uxorem</strong></span> <span class='ocrx_word' id='word_1_15' title='bbox 1048 289 1254 340; x_wconf 83' lang='lat' dir='ltr'><strong>saevam.</strong></span> <span class='ocrx_word' id='word_1_16' title='bbox 1278 295 1335 352; x_wconf 80' lang='lat'><strong>¹8)</strong></span> <span class='ocrx_word' id='word_1_17' title='bbox 1402 295 1491 343; x_wconf 91' lang='lat' dir='ltr'><strong>Ve-</strong></span> 
     </span>
     <span class='ocr_line' id='line_1_3' title="bbox 0 357 998 408; baseline -0.002 0"><span class='ocrx_word' id='word_1_18' title='bbox 0 384 1 388; x_wconf 65' lang='lat'>,</span> <span class='ocrx_word' id='word_1_19' title='bbox 429 377 540 408; x_wconf 88' lang='lat' dir='ltr'><strong>rum</strong></span> <span class='ocrx_word' id='word_1_20' title='bbox 563 359 684 408; x_wconf 88' lang='lat' dir='ltr'><strong>istoc</strong></span> <span class='ocrx_word' id='word_1_21' title='bbox 703 359 773 407; x_wconf 91' lang='lat' dir='ltr'><strong>-de</strong></span> <span class='ocrx_word' id='word_1_22' title='bbox 794 357 998 407; x_wconf 79' lang='lat' dir='ltr'><strong>nomin&#39;e</strong></span> 
     </span>
     <span class='ocr_line' id='line_1_4' title="bbox 0 420 1487 496; baseline -0.001 -19"><span class='ocrx_word' id='word_1_23' title='bbox 0 423 3 428; x_wconf 37' lang='lat'>‘</span> <span class='ocrx_word' id='word_1_24' title='bbox 56 427 147 479; x_wconf 69' lang='lat' dir='ltr'><strong>&#39;Eo</strong></span> <span class='ocrx_word' id='word_1_25' title='bbox 173 431 235 488; x_wconf 87' lang='lat'><strong>¹9)</strong></span> <span class='ocrx_word' id='word_1_26' title='bbox 255 444 528 496; x_wconf 50' lang='lat' dir='ltr'><strong>*perperam</strong></span> <span class='ocrx_word' id='word_1_27' title='bbox 552 431 613 484; x_wconf 85' lang='lat'><strong>²⁰)</strong></span> <span class='ocrx_word' id='word_1_28' title='bbox 655 420 774 474; x_wconf 88' lang='lat' dir='ltr'><strong>olim</strong></span> <span class='ocrx_word' id='word_1_29' title='bbox 803 425 919 484; x_wconf 85' lang='lat' dir='ltr'>dixi,</span> <span class='ocrx_word' id='word_1_30' title='bbox 941 429 1003 486; x_wconf 86' lang='lat'><strong>²¹)</strong></span> <span class='ocrx_word' id='word_1_31' title='bbox 1046 442 1111 474; x_wconf 87' lang='lat' dir='ltr'><strong>ne</strong></span> <span class='ocrx_word' id='word_1_32' title='bbox 1138 443 1231 475; x_wconf 88' lang='lat' dir='ltr'><strong>vos</strong></span> <span class='ocrx_word' id='word_1_33' title='bbox 1260 427 1389 495; x_wconf 72' lang='lat' dir='ltr'><strong>ferte</strong></span> <span class='ocrx_word' id='word_1_34' title='bbox 1415 428 1487 476; x_wconf 86' lang='lat' dir='ltr'><strong>in-</strong></span> 
     </span>
     <span class='ocr_line' id='line_1_5' title="bbox 427 492 842 560; baseline -0.005 -18"><span class='ocrx_word' id='word_1_35' title='bbox 427 492 697 560; x_wconf 86' lang='lat' dir='ltr'><strong>prudentes</strong></span> <span class='ocrx_word' id='word_1_36' title='bbox 721 492 842 541; x_wconf 86' lang='lat' dir='ltr'><strong>soris</strong></span> 
     </span>
     <span class='ocr_line' id='line_1_6' title="bbox 77 557 1485 628; baseline 0 -16"><span class='ocrx_word' id='word_1_37' title='bbox 77 563 452 622; x_wconf 51' lang='lat' dir='ltr'><strong>Effutiretis522)</strong></span> <span class='ocrx_word' id='word_1_38' title='bbox 487 574 643 627; x_wconf 85' lang='lat' dir='ltr'><strong>atque</strong></span> <span class='ocrx_word' id='word_1_39' title='bbox 662 560 715 609; x_wconf 91' lang='lat' dir='ltr'><strong>id</strong></span> <span class='ocrx_word' id='word_1_40' title='bbox 734 577 888 628; x_wconf 86' lang='lat' dir='ltr'>porro</span> <span class='ocrx_word' id='word_1_41' title='bbox 921 557 1095 627; x_wconf 88' lang='lat' dir='ltr'><strong>aliqua</strong></span> <span class='ocrx_word' id='word_1_42' title='bbox 1115 560 1181 621; x_wconf 78' lang='lat'><strong>²3)</strong></span> <span class='ocrx_word' id='word_1_43' title='bbox 1214 578 1346 610; x_wconf 83' lang='lat' dir='ltr'>uxor</span> <span class='ocrx_word' id='word_1_44' title='bbox 1374 579 1485 613; x_wconf 86' lang='lat' dir='ltr'><strong>mea</strong></span> 
     </span>
     <span class='ocr_line' id='line_1_7' title="bbox 425 629 713 678; baseline 0 -1"><span class='ocrx_word' id='word_1_45' title='bbox 425 629 713 678; x_wconf 81' lang='lat' dir='ltr'><strong>rescisceret.</strong></span> 
     </span>
     <span class='ocr_line' id='line_1_8' title="bbox 0 693 1482 762; baseline 0.001 -15"><span class='ocrx_word' id='word_1_46' title='bbox 0 716 55 761; x_wconf 68' lang='lat'><strong>,⁵⁰</strong></span> <span class='ocrx_word' id='word_1_47' title='bbox 67 700 160 749; x_wconf 89' lang='grc'><strong>80.</strong></span> <span class='ocrx_word' id='word_1_48' title='bbox 189 701 333 748; x_wconf 88' lang='lat' dir='ltr'><strong>Hem.</strong></span> <span class='ocrx_word' id='word_1_49' title='bbox 361 698 484 746; x_wconf 82' lang='lat' dir='ltr'><strong>istoc</strong></span> <span class='ocrx_word' id='word_1_50' title='bbox 504 698 569 755; x_wconf 82' lang='lat'><strong>²⁴)</strong></span> <span class='ocrx_word' id='word_1_51' title='bbox 598 694 686 762; x_wconf 91' lang='lat' dir='ltr'><strong>pol</strong></span> <span class='ocrx_word' id='word_1_52' title='bbox 714 714 809 746; x_wconf 89' lang='lat' dir='ltr'><strong>nos</strong></span> <span class='ocrx_word' id='word_1_53' title='bbox 835 710 886 745; x_wconf 90' lang='lat' dir='ltr'><strong>te</strong></span> <span class='ocrx_word' id='word_1_54' title='bbox 914 693 997 745; x_wconf 86' lang='lat' dir='ltr'><strong>hic</strong></span> <span class='ocrx_word' id='word_1_55' title='bbox 1028 694 1252 743; x_wconf 85' lang='lat' dir='ltr'><strong>invenire</strong></span> <span class='ocrx_word' id='word_1_56' title='bbox 1280 696 1482 748; x_wconf 80' lang='lat' dir='ltr'><strong>miserae</strong></span> 
     </span>
     <span class='ocr_line' id='line_1_9' title="bbox 327 764 973 831; baseline 0 -19"><span class='ocrx_word' id='word_1_57' title='bbox 327 779 334 787; x_wconf 92' lang='lat'>·</span> <span class='ocrx_word' id='word_1_58' title='bbox 419 781 679 831; x_wconf 88' lang='lat' dir='ltr'><strong>nunquam</strong></span> <span class='ocrx_word' id='word_1_59' title='bbox 703 764 973 829; x_wconf 89' lang='lat' dir='ltr'><strong>potuimus.</strong></span> 
     </span>
     <span class='ocr_line' id='line_1_10' title="bbox 67 828 1479 898; baseline 0.002 -17"><span class='ocrx_word' id='word_1_60' title='bbox 67 833 164 882; x_wconf 81' lang='lat' dir='ltr'><strong>CH.</strong></span> <span class='ocrx_word' id='word_1_61' title='bbox 190 831 323 892; x_wconf 89' lang='lat' dir='ltr'>Eho,</span> <span class='ocrx_word' id='word_1_62' title='bbox 356 830 437 882; x_wconf 86' lang='lat' dir='ltr'><strong>dic</strong></span> <span class='ocrx_word' id='word_1_63' title='bbox 455 830 576 880; x_wconf 85' lang='lat' dir='ltr'><strong>mibi</strong></span> <span class='ocrx_word' id='word_1_64' title='bbox 596 832 722 898; x_wconf 89' lang='lat' dir='ltr'><strong>quid</strong></span> <span class='ocrx_word' id='word_1_65' title='bbox 741 832 814 879; x_wconf 89' lang='lat' dir='ltr'><strong>rei</strong></span> <span class='ocrx_word' id='word_1_66' title='bbox 833 830 925 880; x_wconf 90' lang='lat' dir='ltr'><strong>tibi</strong></span> <span class='ocrx_word' id='word_1_67' title='bbox 946 831 1014 880; x_wconf 90' lang='lat' dir='ltr'><strong>est</strong></span> <span class='ocrx_word' id='word_1_68' title='bbox 1036 846 1149 880; x_wconf 86' lang='lat' dir='ltr'><strong>cum</strong></span> <span class='ocrx_word' id='word_1_69' title='bbox 1165 828 1360 889; x_wconf 67' lang='lat' dir='ltr'><strong>&#39;familia</strong></span> <span class='ocrx_word' id='word_1_70' title='bbox 1382 830 1479 884; x_wconf 84' lang='lat' dir='ltr'><strong>hac</strong></span> 
     </span>
     <span class='ocr_line' id='line_1_11' title="bbox 0 898 826 956; baseline 0 -8"><span class='ocrx_word' id='word_1_71' title='bbox 0 920 2 922; x_wconf 65' lang='grc'>’</span> <span class='ocrx_word' id='word_1_72' title='bbox 421 898 557 948; x_wconf 90' lang='lat' dir='ltr'><strong>unde</strong></span> <span class='ocrx_word' id='word_1_73' title='bbox 576 900 695 956; x_wconf 87' lang='lat' dir='ltr'><strong>exis,</strong></span> <span class='ocrx_word' id='word_1_74' title='bbox 822 926 826 930; x_wconf 94' lang='lat'>·</span> 
     </span>
     <span class='ocr_line' id='line_1_12' title="bbox 0 964 1476 1027; baseline -0.001 -13"><span class='ocrx_word' id='word_1_75' title='bbox 0 965 6 979; x_wconf 69' lang='lat'>²</span> <span class='ocrx_word' id='word_1_76' title='bbox 66 965 170 1018; x_wconf 82' lang='lat' dir='ltr'><strong>Aut</strong></span> <span class='ocrx_word' id='word_1_77' title='bbox 189 966 279 1018; x_wconf 91' lang='lat' dir='ltr'><strong>ubi</strong></span> <span class='ocrx_word' id='word_1_78' title='bbox 294 966 409 1017; x_wconf 79' lang='lat' dir='ltr'><strong>illae</strong></span> <span class='ocrx_word' id='word_1_79' title='bbox 428 967 492 1027; x_wconf 82' lang='lat'><strong>²⁵)</strong></span> <span class='ocrx_word' id='word_1_80' title='bbox 522 968 668 1015; x_wconf 84' lang='lat' dir='ltr'><strong>sunt?</strong></span> <span class='ocrx_word' id='word_1_81' title='bbox 733 969 824 1016; x_wconf 83' lang='grc'><strong>80.</strong></span> <span class='ocrx_word' id='word_1_82' title='bbox 844 964 1070 1013; x_wconf 82' lang='lat' dir='ltr'><strong>Miseram</strong></span> <span class='ocrx_word' id='word_1_83' title='bbox 1090 982 1181 1014; x_wconf 87' lang='lat' dir='ltr'><strong>me.</strong></span> <span class='ocrx_word' id='word_1_84' title='bbox 1230 966 1326 1015; x_wconf 88' lang='lat' dir='ltr'><strong>CH.</strong></span> <span class='ocrx_word' id='word_1_85' title='bbox 1347 968 1476 1018; x_wconf 86' lang='lat' dir='ltr'><strong>Hem</strong></span> 
     </span>
     <span class='ocr_line' id='line_1_13' title="bbox 419 1031 1474 1101; baseline 0.002 -17"><span class='ocrx_word' id='word_1_86' title='bbox 419 1034 542 1101; x_wconf 88' lang='lat' dir='ltr'><strong>quid</strong></span> <span class='ocrx_word' id='word_1_87' title='bbox 563 1034 661 1082; x_wconf 77' lang='lat' dir='ltr'><strong>est?</strong></span> <span class='ocrx_word' id='word_1_88' title='bbox 695 1035 980 1082; x_wconf 83' lang='lat' dir='ltr'><strong>Vivuntne?</strong></span> <span class='ocrx_word' id='word_1_89' title='bbox 1033 1031 1127 1081; x_wconf 92' lang='grc'><strong>80.</strong></span> <span class='ocrx_word' id='word_1_90' title='bbox 1161 1033 1295 1082; x_wconf 85' lang='lat' dir='ltr'><strong>Vivit</strong></span> <span class='ocrx_word' id='word_1_91' title='bbox 1311 1050 1474 1101; x_wconf 87' lang='lat' dir='ltr'><strong>gnata.</strong></span> 
     </span>
     <span class='ocr_line' id='line_1_14' title="bbox 65 1100 1474 1170; baseline -0.001 -15"><span class='ocrx_word' id='word_1_92' title='bbox 65 1105 283 1156; x_wconf 74' lang='lat' dir='ltr'><strong>Matoem</strong></span> <span class='ocrx_word' id='word_1_93' title='bbox 299 1103 454 1170; x_wconf 84' lang='lat' dir='ltr'><strong>ipsam</strong></span> <span class='ocrx_word' id='word_1_94' title='bbox 471 1119 532 1150; x_wconf 89' lang='lat' dir='ltr'><strong>ex</strong></span> <span class='ocrx_word' id='word_1_95' title='bbox 555 1101 868 1166; x_wconf 82' lang='lat' dir='ltr'><strong>aegritudine</strong></span> <span class='ocrx_word' id='word_1_96' title='bbox 896 1100 1118 1149; x_wconf 87' lang='lat' dir='ltr'><strong>miseram</strong></span> <span class='ocrx_word' id='word_1_97' title='bbox 1145 1118 1282 1150; x_wconf 86' lang='lat' dir='ltr'><strong>mors</strong></span> <span class='ocrx_word' id='word_1_98' title='bbox 1311 1105 1474 1153; x_wconf 86' lang='lat' dir='ltr'><strong>conse·</strong></span> 
     </span>
     <span class='ocr_line' id='line_1_15' title="bbox 416 1169 1397 1219; baseline -0.004 0"><span class='ocrx_word' id='word_1_99' title='bbox 416 1183 536 1219; x_wconf 87' lang='lat' dir='ltr'><strong>cuta</strong></span> <span class='ocrx_word' id='word_1_100' title='bbox 557 1169 637 1216; x_wconf 86' lang='lat' dir='ltr'><strong>est.</strong></span> <span class='ocrx_word' id='word_1_101' title='bbox 927 1198 931 1199; x_wconf 29' lang='grc' dir='ltr'><em>ν</em></span> <span class='ocrx_word' id='word_1_102' title='bbox 960 1203 972 1206; x_wconf 53' lang='grc'>«</span> <span class='ocrx_word' id='word_1_103' title='bbox 1395 1193 1397 1196; x_wconf 86' lang='grc'><em>·</em></span> 
     </span>
     <span class='ocr_line' id='line_1_16' title="bbox 59 1234 1467 1301; baseline 0.001 -16"><span class='ocrx_word' id='word_1_104' title='bbox 59 1238 157 1285; x_wconf 87' lang='lat' dir='ltr'><strong>CH.</strong></span> <span class='ocrx_word' id='word_1_105' title='bbox 187 1235 324 1285; x_wconf 87' lang='lat' dir='ltr'><strong>Male</strong></span> <span class='ocrx_word' id='word_1_106' title='bbox 340 1236 538 1285; x_wconf 86' lang='lat' dir='ltr'><strong>factum.</strong></span> <span class='ocrx_word' id='word_1_107' title='bbox 588 1234 679 1283; x_wconf 90' lang='grc'><strong>80.</strong></span> <span class='ocrx_word' id='word_1_108' title='bbox 702 1235 807 1300; x_wconf 82' lang='lat' dir='ltr'><strong>Ego</strong></span> <span class='ocrx_word' id='word_1_109' title='bbox 830 1247 997 1295; x_wconf 76' lang='lat' dir='ltr'><strong>autem</strong></span> <span class='ocrx_word' id='word_1_110' title='bbox 1020 1252 1153 1301; x_wconf 89' lang='lat' dir='ltr'><strong>quae</strong></span> <span class='ocrx_word' id='word_1_111' title='bbox 1174 1236 1317 1285; x_wconf 84' lang='lat' dir='ltr'><strong>essem</strong></span> <span class='ocrx_word' id='word_1_112' title='bbox 1338 1255 1467 1288; x_wconf 89' lang='lat' dir='ltr'><strong>anus</strong></span> 
     </span>
     <span class='ocr_line' id='line_1_17' title="bbox 415 1302 1035 1367; baseline 0 -17"><span class='ocrx_word' id='word_1_113' title='bbox 415 1302 615 1359; x_wconf 85' lang='lat' dir='ltr'><strong>deserta,</strong></span> <span class='ocrx_word' id='word_1_114' title='bbox 642 1320 817 1367; x_wconf 83' lang='lat' dir='ltr'><strong>egens,</strong></span> <span class='ocrx_word' id='word_1_115' title='bbox 849 1303 1035 1367; x_wconf 83' lang='lat' dir='ltr'><strong>ignota,</strong></span> 
     </span>
     <span class='ocr_line' id='line_1_18' title="bbox 0 1367 1464 1468; baseline -0.001 -46"><span class='ocrx_word' id='word_1_116' title='bbox 0 1382 44 1423; x_wconf 82' lang='grc'><strong>15</strong></span> <span class='ocrx_word' id='word_1_117' title='bbox 57 1375 130 1420; x_wconf 78' lang='lat' dir='ltr'><strong>Ut</strong></span> <span class='ocrx_word' id='word_1_118' title='bbox 158 1370 305 1437; x_wconf 80' lang='lat' dir='ltr'><strong>potui</strong></span> <span class='ocrx_word' id='word_1_119' title='bbox 327 1383 555 1468; x_wconf 47' lang='lat' dir='ltr'>nuptuzn</span> <span class='ocrx_word' id='word_1_120' title='bbox 585 1371 826 1435; x_wconf 82' lang='lat' dir='ltr'><strong>virginem</strong></span> <span class='ocrx_word' id='word_1_121' title='bbox 848 1368 1013 1428; x_wconf 86' lang='lat' dir='ltr'><strong>looavi</strong></span> <span class='ocrx_word' id='word_1_122' title='bbox 1044 1367 1162 1419; x_wconf 76' lang='lat' dir='ltr'><strong>huie</strong></span> <span class='ocrx_word' id='word_1_123' title='bbox 1192 1368 1464 1421; x_wconf 77' lang='lat' dir='ltr'><strong>adolescen&#39;-</strong></span> 
     </span>
     <span class='ocr_line' id='line_1_19' title="bbox 415 1437 546 1496; baseline 0.008 -1"><span class='ocrx_word' id='word_1_124' title='bbox 415 1437 468 1495; x_wconf 77' lang='lat' dir='ltr'><strong>ti,</strong></span> <span class='ocrx_word' id='word_1_125' title='bbox 485 1443 546 1496; x_wconf 82' lang='lat'><strong>²)</strong></span> 
     </span>
    </p>
   </div>
   <div class='ocr_carea' id='block_1_3' title="bbox 0 1500 1464 2040">
    <p class='ocr_par' dir='ltr' id='par_1_3' title="bbox 0 1500 1464 2040">
     <span class='ocr_line' id='line_1_20' title="bbox 55 1500 1464 1572; baseline -0.001 -18"><span class='ocrx_word' id='word_1_126' title='bbox 55 1506 247 1554; x_wconf 89' lang='lat' dir='ltr'><strong>Harum</strong></span> <span class='ocrx_word' id='word_1_127' title='bbox 271 1505 360 1572; x_wconf 79' lang='lat' dir='ltr'><strong>qui</strong></span> <span class='ocrx_word' id='word_1_128' title='bbox 381 1505 449 1552; x_wconf 82' lang='lat' dir='ltr'><strong>est</strong></span> <span class='ocrx_word' id='word_1_129' title='bbox 468 1503 701 1552; x_wconf 87' lang='lat' dir='ltr'><strong>dominus</strong></span> <span class='ocrx_word' id='word_1_130' title='bbox 723 1500 934 1551; x_wconf 87' lang='lat' dir='ltr'><strong>aedium.</strong></span> <span class='ocrx_word' id='word_1_131' title='bbox 973 1503 1069 1553; x_wconf 87' lang='lat' dir='ltr'><strong>CH.</strong></span> <span class='ocrx_word' id='word_1_132' title='bbox 1089 1502 1464 1570; x_wconf 85' lang='lat' dir='ltr'><strong>Antiphonine?</strong></span> 
     </span>
     <span class='ocr_line' id='line_1_21' title="bbox 411 1568 1388 1637; baseline 0.001 -19"><span class='ocrx_word' id='word_1_133' title='bbox 411 1570 503 1619; x_wconf 88' lang='grc'><strong>80.</strong></span> <span class='ocrx_word' id='word_1_134' title='bbox 534 1568 658 1619; x_wconf 81' lang='lat' dir='ltr'><strong>Hem</strong></span> <span class='ocrx_word' id='word_1_135' title='bbox 681 1572 754 1619; x_wconf 86' lang='lat' dir='ltr'><strong>isti</strong></span> <span class='ocrx_word' id='word_1_136' title='bbox 785 1574 822 1630; x_wconf 83' lang='lat'><strong>*)</strong></span> <span class='ocrx_word' id='word_1_137' title='bbox 857 1569 958 1637; x_wconf 83' lang='lat' dir='ltr'><strong>ipsi.</strong></span> <span class='ocrx_word' id='word_1_138' title='bbox 1019 1621 1022 1623; x_wconf 75' lang='grc'><em>,</em></span> <span class='ocrx_word' id='word_1_139' title='bbox 1381 1574 1388 1580; x_wconf 83' lang='grc'><strong><em>’</em></strong></span> 
     </span>
     <span class='ocr_line' id='line_1_22' title="bbox 7 1636 1463 1705; baseline -0.001 -16"><span class='ocrx_word' id='word_1_140' title='bbox 7 1637 10 1639; x_wconf 14' lang='grc' dir='ltr'><strong>Α</strong></span> <span class='ocrx_word' id='word_1_141' title='bbox 57 1641 153 1689; x_wconf 85' lang='lat' dir='ltr'><strong>CH.</strong></span> <span class='ocrx_word' id='word_1_142' title='bbox 174 1638 338 1705; x_wconf 75' lang='lat' dir='ltr'><strong>Quid?</strong></span> <span class='ocrx_word' id='word_1_143' title='bbox 371 1641 582 1688; x_wconf 87' lang='lat' dir='ltr'><strong>Duasne</strong></span> <span class='ocrx_word' id='word_1_144' title='bbox 606 1640 648 1687; x_wconf 91' lang='lat' dir='ltr'><strong>is</strong></span> <span class='ocrx_word' id='word_1_145' title='bbox 675 1656 858 1687; x_wconf 85' lang='lat' dir='ltr'><strong>uxores</strong></span> <span class='ocrx_word' id='word_1_146' title='bbox 881 1637 1066 1688; x_wconf 87' lang='lat' dir='ltr'><strong>habet?</strong></span> <span class='ocrx_word' id='word_1_147' title='bbox 1132 1642 1221 1688; x_wconf 89' lang='grc'><strong>80.</strong></span> <span class='ocrx_word' id='word_1_148' title='bbox 1256 1636 1348 1697; x_wconf 89' lang='lat' dir='ltr'><strong>Au,</strong></span> <span class='ocrx_word' id='word_1_149' title='bbox 1380 1639 1463 1688; x_wconf 91' lang='lat' dir='ltr'><strong>ob-</strong></span> 
     </span>
     <span class='ocr_line' id='line_1_23' title="bbox 54 1704 1398 1771; baseline 0.001 -17"><span class='ocrx_word' id='word_1_150' title='bbox 54 1764 58 1767; x_wconf 33' lang='grc'><strong>,</strong></span> <span class='ocrx_word' id='word_1_151' title='bbox 408 1707 542 1755; x_wconf 90' lang='lat' dir='ltr'><strong>secro</strong></span> <span class='ocrx_word' id='word_1_152' title='bbox 565 1724 717 1755; x_wconf 87' lang='lat' dir='ltr'><strong>unam</strong></span> <span class='ocrx_word' id='word_1_153' title='bbox 740 1704 822 1754; x_wconf 85' lang='lat' dir='ltr'><strong>ille</strong></span> <span class='ocrx_word' id='word_1_154' title='bbox 839 1705 1043 1771; x_wconf 87' lang='lat' dir='ltr'><strong>quidem</strong></span> <span class='ocrx_word' id='word_1_155' title='bbox 1074 1705 1205 1755; x_wconf 89' lang='lat' dir='ltr'><strong>hanc</strong></span> <span class='ocrx_word' id='word_1_156' title='bbox 1234 1705 1398 1755; x_wconf 87' lang='lat' dir='ltr'><strong>solam.</strong></span> 
     </span>
     <span class='ocr_line' id='line_1_24' title="bbox 0 1772 1462 1840; baseline 0.001 -17"><span class='ocrx_word' id='word_1_157' title='bbox 0 1791 2 1793; x_wconf 68' lang='grc'><strong><em>’</em></strong></span> <span class='ocrx_word' id='word_1_158' title='bbox 52 1775 148 1824; x_wconf 89' lang='lat' dir='ltr'><strong>CH.</strong></span> <span class='ocrx_word' id='word_1_159' title='bbox 174 1773 310 1840; x_wconf 78' lang='lat' dir='ltr'><strong>Quid</strong></span> <span class='ocrx_word' id='word_1_160' title='bbox 325 1772 411 1822; x_wconf 85' lang='lat' dir='ltr'><strong>illa</strong></span> <span class='ocrx_word' id='word_1_161' title='bbox 429 1772 583 1822; x_wconf 87' lang='lat' dir='ltr'><strong>altera</strong></span> <span class='ocrx_word' id='word_1_162' title='bbox 604 1791 736 1838; x_wconf 90' lang='lat' dir='ltr'><strong>quae</strong></span> <span class='ocrx_word' id='word_1_163' title='bbox 759 1773 943 1822; x_wconf 82' lang='lat' dir='ltr'><strong>dicitur</strong></span> <span class='ocrx_word' id='word_1_164' title='bbox 969 1777 1219 1839; x_wconf 83' lang='lat' dir='ltr'><strong>cognata?</strong></span> <span class='ocrx_word' id='word_1_165' title='bbox 1244 1778 1305 1834; x_wconf 84' lang='lat'><strong>²7)</strong></span> <span class='ocrx_word' id='word_1_166' title='bbox 1371 1777 1462 1824; x_wconf 92' lang='grc'><strong>80.</strong></span> 
     </span>
     <span class='ocr_line' id='line_1_25' title="bbox 405 1839 1261 1906; baseline 0.001 -20"><span class='ocrx_word' id='word_1_167' title='bbox 405 1839 544 1890; x_wconf 90' lang='lat' dir='ltr'><strong>Haec</strong></span> <span class='ocrx_word' id='word_1_168' title='bbox 575 1858 692 1904; x_wconf 83' lang='lat' dir='ltr'><strong>ergo</strong></span> <span class='ocrx_word' id='word_1_169' title='bbox 726 1841 803 1889; x_wconf 85' lang='lat' dir='ltr'><strong>est.</strong></span> <span class='ocrx_word' id='word_1_170' title='bbox 871 1841 966 1888; x_wconf 92' lang='lat' dir='ltr'><strong>CH.</strong></span> <span class='ocrx_word' id='word_1_171' title='bbox 1000 1840 1135 1906; x_wconf 76' lang='lat' dir='ltr'><strong>Quid</strong></span> <span class='ocrx_word' id='word_1_172' title='bbox 1150 1842 1261 1889; x_wconf 82' lang='lat' dir='ltr'><strong>ais?</strong></span> 
     </span>
     <span class='ocr_line' id='line_1_26' title="bbox 54 1906 1460 1977; baseline -0.001 -17"><span class='ocrx_word' id='word_1_173' title='bbox 54 1912 145 1960; x_wconf 89' lang='grc'><strong>80.</strong></span> <span class='ocrx_word' id='word_1_174' title='bbox 184 1906 465 1977; x_wconf 81' lang='lat' dir='ltr'><strong>Composito</strong></span> <span class='ocrx_word' id='word_1_175' title='bbox 497 1906 562 1969; x_wconf 80' lang='lat'><strong>²8)</strong></span> <span class='ocrx_word' id='word_1_176' title='bbox 623 1909 810 1957; x_wconf 84' lang='lat' dir='ltr'><strong>factum</strong></span> <span class='ocrx_word' id='word_1_177' title='bbox 860 1908 947 1965; x_wconf 89' lang='lat' dir='ltr'><strong>est,</strong></span> <span class='ocrx_word' id='word_1_178' title='bbox 1013 1907 1272 1975; x_wconf 89' lang='lat' dir='ltr'><strong>quomodo</strong></span> <span class='ocrx_word' id='word_1_179' title='bbox 1328 1907 1460 1959; x_wconf 86' lang='lat' dir='ltr'><strong>hanc</strong></span> 
     </span>
     <span class='ocr_line' id='line_1_27' title="bbox 406 1974 1070 2040; baseline 0 -17"><span class='ocrx_word' id='word_1_180' title='bbox 406 1993 594 2034; x_wconf 87' lang='lat' dir='ltr'><strong>amans,</strong></span> <span class='ocrx_word' id='word_1_181' title='bbox 615 1983 675 2036; x_wconf 81' lang='lat'><strong>29)</strong></span> <span class='ocrx_word' id='word_1_182' title='bbox 706 1974 890 2024; x_wconf 90' lang='lat' dir='ltr'><strong>habere</strong></span> <span class='ocrx_word' id='word_1_183' title='bbox 913 1975 1070 2040; x_wconf 78' lang='lat' dir='ltr'><strong>posset</strong></span> 
     </span>
    </p>
   </div>
   <div class='ocr_carea' id='block_1_4' title="bbox 114 2116 1457 2335">
    <p class='ocr_par' dir='ltr' id='par_1_4' title="bbox 114 2116 1457 2335">
     <span class='ocr_line' id='line_1_28' title="bbox 114 2116 1457 2167; baseline 0.001 -15"><span class='ocrx_word' id='word_1_184' title='bbox 114 2121 171 2167; x_wconf 86' lang='lat'><strong>¹7)</strong></span> <span class='ocrx_word' id='word_1_185' title='bbox 201 2117 286 2166; x_wconf 72' lang='lat' dir='ltr'><strong>quin</strong></span> <span class='ocrx_word' id='word_1_186' title='bbox 305 2117 443 2154; x_wconf 79' lang='lat' dir='ltr'><strong>dixerat</strong></span> <span class='ocrx_word' id='word_1_187' title='bbox 464 2118 497 2153; x_wconf 85' lang='lat' dir='ltr'><strong>ei</strong></span> <span class='ocrx_word' id='word_1_188' title='bbox 524 2117 622 2154; x_wconf 70' lang='lat' dir='ltr'><strong>auser</strong></span> <span class='ocrx_word' id='word_1_189' title='bbox 638 2129 674 2154; x_wconf 82' lang='lat' dir='ltr'><strong>te</strong></span> <span class='ocrx_word' id='word_1_190' title='bbox 691 2125 714 2152; x_wconf 78' lang='lat' dir='ltr'><strong>a·</strong></span> <span class='ocrx_word' id='word_1_191' title='bbox 727 2116 864 2152; x_wconf 72' lang='lat' dir='ltr'><strong>foribus</strong></span> <span class='ocrx_word' id='word_1_192' title='bbox 914 2121 969 2160; x_wconf 85' lang='grc'><strong>13)</strong></span> <span class='ocrx_word' id='word_1_193' title='bbox 990 2117 1247 2154; x_wconf 76' lang='lat' dir='ltr'><strong>Naufifuatam</strong></span> <span class='ocrx_word' id='word_1_194' title='bbox 1295 2118 1357 2164; x_wconf 85' lang='grc'><strong>19)</strong></span> <span class='ocrx_word' id='word_1_195' title='bbox 1374 2118 1457 2154; x_wconf 85' lang='lat' dir='ltr'><strong>ideo</strong></span> 
     </span>
     <span class='ocr_line' id='line_1_29' title="bbox 155 2172 1457 2222; baseline 0 -11"><span class='ocrx_word' id='word_1_196' title='bbox 155 2179 216 2216; x_wconf 90' lang='grc'><strong>20)</strong></span> <span class='ocrx_word' id='word_1_197' title='bbox 247 2175 373 2210; x_wconf 74' lang='lat' dir='ltr'><strong>leviter</strong></span> <span class='ocrx_word' id='word_1_198' title='bbox 442 2176 506 2220; x_wconf 90' lang='grc'><strong>21)</strong></span> <span class='ocrx_word' id='word_1_199' title='bbox 539 2174 684 2222; x_wconf 78' lang='lat' dir='ltr'><strong>appello</strong></span> <span class='ocrx_word' id='word_1_200' title='bbox 759 2178 819 2214; x_wconf 81' lang='lat'><strong>22)</strong></span> <span class='ocrx_word' id='word_1_201' title='bbox 853 2172 1089 2210; x_wconf 65' lang='lat' dir='ltr'><strong>diff-mureti·</strong></span> <span class='ocrx_word' id='word_1_202' title='bbox 1158 2180 1218 2217; x_wconf 84' lang='lat'><strong>23)</strong></span> <span class='ocrx_word' id='word_1_203' title='bbox 1260 2175 1457 2222; x_wconf 73' lang='lat' dir='ltr'><strong>aliquando</strong></span> 
     </span>
     <span class='ocr_line' id='line_1_30' title="bbox 154 2230 1457 2279; baseline 0.002 -14"><span class='ocrx_word' id='word_1_204' title='bbox 154 2235 215 2275; x_wconf 74' lang='grc'><strong>24)</strong></span> <span class='ocrx_word' id='word_1_205' title='bbox 239 2244 321 2266; x_wconf 80' lang='lat' dir='ltr'><strong>cum</strong></span> <span class='ocrx_word' id='word_1_206' title='bbox 350 2232 416 2267; x_wconf 89' lang='lat' dir='ltr'><strong>isto</strong></span> <span class='ocrx_word' id='word_1_207' title='bbox 436 2232 586 2275; x_wconf 77' lang='grc'><strong>1101111113·</strong></span> <span class='ocrx_word' id='word_1_208' title='bbox 655 2233 715 2273; x_wconf 82' lang='grc'><strong>25)</strong></span> <span class='ocrx_word' id='word_1_209' title='bbox 740 2242 829 2263; x_wconf 90' lang='lat' dir='ltr'>uxor</span> <span class='ocrx_word' id='word_1_210' title='bbox 855 2241 934 2263; x_wconf 80' lang='lat' dir='ltr'><strong>mea</strong></span> <span class='ocrx_word' id='word_1_211' title='bbox 961 2240 997 2265; x_wconf 86' lang='lat' dir='ltr'><strong>et</strong></span> <span class='ocrx_word' id='word_1_212' title='bbox 1021 2230 1095 2265; x_wconf 73' lang='lat' dir='ltr'><strong>filia</strong></span> <span class='ocrx_word' id='word_1_213' title='bbox 1164 2233 1228 2276; x_wconf 89' lang='grc'><strong>26)</strong></span> <span class='ocrx_word' id='word_1_214' title='bbox 1255 2231 1457 2279; x_wconf 78' lang='lat' dir='ltr'><strong>Antiphoni</strong></span> 
     </span>
     <span class='ocr_line' id='line_1_31' title="bbox 155 2284 1295 2335; baseline -0.001 -12"><span class='ocrx_word' id='word_1_215' title='bbox 155 2286 193 2332; x_wconf 70' lang='lat'><strong>⁶)</strong></span> <span class='ocrx_word' id='word_1_216' title='bbox 224 2289 316 2324; x_wconf 78' lang='lat' dir='ltr'><strong>edic.</strong></span> <span class='ocrx_word' id='word_1_217' title='bbox 343 2287 399 2322; x_wconf 88' lang='grc'><strong>1111</strong></span> <span class='ocrx_word' id='word_1_218' title='bbox 454 2291 514 2334; x_wconf 82' lang='grc'><strong>27)</strong></span> <span class='ocrx_word' id='word_1_219' title='bbox 539 2284 658 2322; x_wconf 77' lang='lat' dir='ltr'><strong>nostra</strong></span> <span class='ocrx_word' id='word_1_220' title='bbox 712 2286 777 2331; x_wconf 83' lang='grc'><strong>23)</strong></span> <span class='ocrx_word' id='word_1_221' title='bbox 804 2285 974 2330; x_wconf 83' lang='lat' dir='ltr'><strong>figmento</strong></span> <span class='ocrx_word' id='word_1_222' title='bbox 1032 2287 1097 2333; x_wconf 83' lang='lat'><strong>29)</strong></span> <span class='ocrx_word' id='word_1_223' title='bbox 1119 2286 1295 2335; x_wconf 79' lang='lat' dir='ltr'><strong>Antipho.</strong></span> 
     </span>
    </p>
   </div>
   <div class='ocr_carea' id='block_1_5' title="bbox 661 2389 839 2399">
    <p class='ocr_par' dir='ltr' id='par_1_5' title="bbox 661 2389 839 2399">
     <span class='ocr_line' id='line_1_32' title="bbox 661 2389 839 2399; baseline 0 707"><span class='ocrx_word' id='word_1_224' title='bbox 661 2389 839 2399; x_wconf 95' lang='lat' dir='ltr'><strong> </strong></span> 
     </span>
    </p>
   </div>
   <div class='ocr_carea' id='block_1_6' title="bbox 53 2434 1458 2503">
    <p class='ocr_par' dir='ltr' id='par_1_6' title="bbox 53 2434 1458 2503">
     <span class='ocr_line' id='line_1_33' title="bbox 53 2434 1458 2503; baseline 0 -12"><span class='ocrx_word' id='word_1_225' title='bbox 53 2456 312 2491; x_wconf 72' lang='lat' dir='ltr'><strong>violentiorem</strong></span> <span class='ocrx_word' id='word_1_226' title='bbox 356 2454 563 2499; x_wconf 82' lang='lat' dir='ltr'><strong>praefidem</strong></span> <span class='ocrx_word' id='word_1_227' title='bbox 606 2465 719 2489; x_wconf 80' lang='lat' dir='ltr'><strong>nacta</strong></span> <span class='ocrx_word' id='word_1_228' title='bbox 792 2454 903 2488; x_wconf 76' lang='lat' dir='ltr'><strong>feram</strong></span> <span class='ocrx_word' id='word_1_229' title='bbox 922 2454 1089 2493; x_wconf 75' lang='lat' dir='ltr'><strong>bestiam.</strong></span> <span class='ocrx_word' id='word_1_230' title='bbox 1117 2468 1211 2503; x_wconf 72' lang='lat' dir='ltr'><strong>quae</strong></span> <span class='ocrx_word' id='word_1_231' title='bbox 1230 2434 1337 2502; x_wconf 69' lang='lat' dir='ltr'><strong>septis</strong></span> <span class='ocrx_word' id='word_1_232' title='bbox 1361 2468 1458 2491; x_wconf 75' lang='lat' dir='ltr'><strong>coer-</strong></span> 
     </span>
    </p>
   </div>
   <div class='ocr_carea' id='block_1_7' title="bbox 0 2507 1460 2726">
    <p class='ocr_par' dir='ltr' id='par_1_7' title="bbox 0 2507 1460 2674">
     <span class='ocr_line' id='line_1_34' title="bbox 0 2507 1458 2556; baseline 0.001 -10"><span class='ocrx_word' id='word_1_233' title='bbox 0 2507 3 2511; x_wconf 59' lang='grc'><em>’</em></span> <span class='ocrx_word' id='word_1_234' title='bbox 56 2511 291 2556; x_wconf 76' lang='lat' dir='ltr'><strong>[provincia]</strong></span> <span class='ocrx_word' id='word_1_235' title='bbox 311 2525 494 2547; x_wconf 81' lang='lat' dir='ltr'><strong>novarum</strong></span> <span class='ocrx_word' id='word_1_236' title='bbox 512 2525 631 2546; x_wconf 78' lang='lat' dir='ltr'><strong>rerum</strong></span> <span class='ocrx_word' id='word_1_237' title='bbox 643 2522 719 2544; x_wconf 81' lang='lat' dir='ltr'><strong>ma·</strong></span> <span class='ocrx_word' id='word_1_238' title='bbox 793 2510 906 2544; x_wconf 73' lang='lat' dir='ltr'><strong>cenda</strong></span> <span class='ocrx_word' id='word_1_239' title='bbox 925 2510 986 2549; x_wconf 87' lang='lat' dir='ltr'><strong>fit.</strong></span> <span class='ocrx_word' id='word_1_240' title='bbox 1018 2510 1193 2547; x_wconf 78' lang='lat' dir='ltr'><strong>traducat.</strong></span> <span class='ocrx_word' id='word_1_241' title='bbox 1238 2511 1336 2546; x_wconf 80' lang='lat' dir='ltr'><strong>Nam</strong></span> <span class='ocrx_word' id='word_1_242' title='bbox 1363 2512 1458 2547; x_wconf 79' lang='lat' dir='ltr'><strong>serae</strong></span> 
     </span>
     <span class='ocr_line' id='line_1_35' title="bbox 53 2565 1460 2614; baseline -0.001 -10"><span class='ocrx_word' id='word_1_243' title='bbox 53 2570 149 2604; x_wconf 73' lang='lat' dir='ltr'><strong>teria</strong></span> <span class='ocrx_word' id='word_1_244' title='bbox 173 2570 267 2613; x_wconf 72' lang='lat' dir='ltr'><strong>esset.</strong></span> <span class='ocrx_word' id='word_1_245' title='bbox 293 2578 325 2600; x_wconf 79' lang='lat' dir='ltr'><strong>v.</strong></span> <span class='ocrx_word' id='word_1_246' title='bbox 353 2566 539 2602; x_wconf 80' lang='lat' dir='ltr'><strong>Drakeub.</strong></span> <span class='ocrx_word' id='word_1_247' title='bbox 565 2566 612 2600; x_wconf 78' lang='lat' dir='ltr'><strong>ad</strong></span> <span class='ocrx_word' id='word_1_248' title='bbox 638 2565 716 2600; x_wconf 78' lang='lat' dir='ltr'><strong>Liv.</strong></span> <span class='ocrx_word' id='word_1_249' title='bbox 790 2568 933 2614; x_wconf 81' lang='lat' dir='ltr'><strong>proprie</strong></span> <span class='ocrx_word' id='word_1_250' title='bbox 954 2567 1121 2603; x_wconf 81' lang='lat' dir='ltr'><strong>dicuntur</strong></span> <span class='ocrx_word' id='word_1_251' title='bbox 1139 2567 1320 2603; x_wconf 79' lang='lat' dir='ltr'><strong>concludi.</strong></span> <span class='ocrx_word' id='word_1_252' title='bbox 1343 2569 1460 2603; x_wconf 80' lang='lat' dir='ltr'>v.Do-</span> 
     </span>
     <span class='ocr_line' id='line_1_36' title="bbox 52 2623 1225 2674; baseline 0.001 -18"><span class='ocrx_word' id='word_1_253' title='bbox 52 2623 116 2657; x_wconf 83' lang='lat' dir='ltr'><strong>vl.</strong></span> <span class='ocrx_word' id='word_1_254' title='bbox 135 2630 191 2664; x_wconf 82' lang='lat'><strong>3¹-</strong></span> <span class='ocrx_word' id='word_1_255' title='bbox 791 2634 865 2657; x_wconf 76' lang='lat' dir='ltr'><strong>nat.</strong></span> <span class='ocrx_word' id='word_1_256' title='bbox 888 2623 933 2657; x_wconf 72' lang='lat' dir='ltr'><strong>ad</strong></span> <span class='ocrx_word' id='word_1_257' title='bbox 952 2623 989 2657; x_wconf 89' lang='lat' dir='ltr'><strong>h.</strong></span> <span class='ocrx_word' id='word_1_258' title='bbox 1012 2624 1037 2657; x_wconf 92' lang='grc'><strong>1.</strong></span> <span class='ocrx_word' id='word_1_259' title='bbox 1218 2667 1225 2674; x_wconf 53' lang='grc'><em>.</em></span> 
     </span>
    </p>

    <p class='ocr_par' dir='ltr' id='par_1_8' title="bbox 101 2674 1460 2726">
     <span class='ocr_line' id='line_1_37' title="bbox 101 2674 1460 2726; baseline 0.001 -15"><span class='ocrx_word' id='word_1_260' title='bbox 101 2690 152 2720; x_wconf 88' lang='grc'><strong>17.</strong></span> <span class='ocrx_word' id='word_1_261' title='bbox 176 2674 396 2724; x_wconf 80' lang='lat' dir='ltr'><strong>conclusam]</strong></span> <span class='ocrx_word' id='word_1_262' title='bbox 446 2677 625 2723; x_wconf 78' lang='lat' dir='ltr'><strong>eleganter</strong></span> <span class='ocrx_word' id='word_1_263' title='bbox 642 2677 716 2712; x_wconf 82' lang='lat' dir='ltr'><strong>hoc</strong></span> <span class='ocrx_word' id='word_1_264' title='bbox 836 2691 891 2725; x_wconf 81' lang='lat'><strong>²9·</strong></span> <span class='ocrx_word' id='word_1_265' title='bbox 911 2680 1134 2725; x_wconf 73' lang='lat' dir='ltr'><strong>composito]</strong></span> <span class='ocrx_word' id='word_1_266' title='bbox 1182 2678 1315 2715; x_wconf 83' lang='lat' dir='ltr'><strong>dicitur</strong></span> <span class='ocrx_word' id='word_1_267' title='bbox 1333 2691 1397 2726; x_wconf 80' lang='lat' dir='ltr'><strong>pro</strong></span> <span class='ocrx_word' id='word_1_268' title='bbox 1416 2691 1460 2714; x_wconf 79' lang='lat' dir='ltr'><strong>ex</strong></span> 
     </span>
    </p>
   </div>
   <div class='ocr_carea' id='block_1_8' title="bbox 3 2732 1457 2861">
    <p class='ocr_par' dir='ltr' id='par_1_9' title="bbox 3 2732 1457 2861">
     <span class='ocr_line' id='line_1_38' title="bbox 52 2732 1457 2784; baseline 0.003 -18"><span class='ocrx_word' id='word_1_269' title='bbox 52 2732 159 2767; x_wconf 76' lang='lat' dir='ltr'><strong>verbo</strong></span> <span class='ocrx_word' id='word_1_270' title='bbox 178 2733 299 2772; x_wconf 82' lang='lat' dir='ltr'><strong>utitur,</strong></span> <span class='ocrx_word' id='word_1_271' title='bbox 318 2744 359 2768; x_wconf 81' lang='lat' dir='ltr'><strong>nt</strong></span> <span class='ocrx_word' id='word_1_272' title='bbox 377 2746 523 2768; x_wconf 80' lang='lat' dir='ltr'><strong>uxorem</strong></span> <span class='ocrx_word' id='word_1_273' title='bbox 543 2745 716 2781; x_wconf 70' lang='lat' dir='ltr'><strong>tanquam</strong></span> <span class='ocrx_word' id='word_1_274' title='bbox 789 2736 844 2770; x_wconf 83' lang='lat' dir='ltr'><strong>vel</strong></span> <span class='ocrx_word' id='word_1_275' title='bbox 870 2735 914 2771; x_wconf 89' lang='lat' dir='ltr'><strong>de</strong></span> <span class='ocrx_word' id='word_1_276' title='bbox 934 2736 1143 2783; x_wconf 76' lang='lat' dir='ltr'><strong>composito.</strong></span> <span class='ocrx_word' id='word_1_277' title='bbox 1155 2736 1284 2784; x_wconf 72' lang='lat' dir='ltr'><strong>Vitgil.</strong></span> <span class='ocrx_word' id='word_1_278' title='bbox 1302 2738 1391 2771; x_wconf 80' lang='lat' dir='ltr'><strong>Aen.</strong></span> <span class='ocrx_word' id='word_1_279' title='bbox 1411 2736 1457 2771; x_wconf 91' lang='lat'><strong>11.</strong></span> 
     </span>
     <span class='ocr_line' id='line_1_39' title="bbox 3 2794 1323 2861; baseline 0 -26"><span class='ocrx_word' id='word_1_280' title='bbox 3 2800 149 2836; x_wconf 62' lang='lat' dir='ltr'><strong>rer-ene.</strong></span> <span class='ocrx_word' id='word_1_281' title='bbox 177 2802 276 2837; x_wconf 86' lang='lat' dir='ltr'><strong>Com.</strong></span> <span class='ocrx_word' id='word_1_282' title='bbox 309 2803 408 2838; x_wconf 73' lang='lat' dir='ltr'><strong>Tom-</strong></span> <span class='ocrx_word' id='word_1_283' title='bbox 435 2802 485 2835; x_wconf 83' lang='grc' dir='ltr'><strong>ΙΙ.</strong></span> <span class='ocrx_word' id='word_1_284' title='bbox 1281 2794 1323 2861; x_wconf 74' lang='lat' dir='ltr'><strong>Q</strong></span> 
     </span>
    </p>
   </div>
  </div>
 </body>
</html>
