1708 3106
819 43 930 123 ..-

537 189 681 239 Acr.
710 193 763 239 11.
829 191 1002 240 Seru.
1034 195 1066 239 Ι.
1412 197 1512 245 113

53 325 224 377 5Viris
259 325 354 376 esse
385 323 613 376 adversas
642 342 807 392 aeque
839 327 901 385 ¹9)
954 323 1171 375 studium
1202 326 1291 386 est,
1339 325 1510 380 fimilis

449 394 727 461 pertinacia
747 394 837 451 est,

95 465 150 510 In
170 460 449 542 eodemque
466 478 642 511 omnes
666 459 788 509 mihi
817 458 1054 511 videntur
1083 459 1209 510 ludo
1240 460 1419 512 doctae
1446 463 1514 514 ad

450 527 703 578 malitiam.

94 600 156 646 Et
172 599 212 660 ⁸)
246 597 295 650 ei
314 594 434 646 ludo
451 594 486 644 fi
506 595 641 645 ullus
665 597 745 654 est,
768 598 833 655 ²⁰)
866 597 1146 662 magistram
1165 595 1298 647 hanc
1322 601 1381 660 ²¹)
1419 600 1512 650 esse

450 665 564 713 fatis
593 677 732 714 certo
758 664 871 714 scio.

92 733 184 782 SO.
203 734 265 793 ²²)
300 734 387 780 Me
408 732 652 789 miseram,
687 749 819 798 quae
845 750 983 781 nunc
1007 730 1338 799 quamobrem
1366 752 1512 784 accu-

451 799 525 848 fer
550 800 729 849 nescio.
795 803 886 848 LA.
925 803 1069 858 Hem,

91 867 179 916 Tu
201 866 391 916 nescis?
454 869 546 917 SO.
576 869 718 927 Non,
750 868 824 917 ita
858 886 937 918 me
956 870 1023 916 Di
1041 882 1217 918 ament
1233 870 1301 921 mi
1324 874 1386 930 ²3)
1421 871 1512 919 La-

146 975 149 977 .
451 933 587 985 ches.

22 1023 77 1051 ao
90 1005 267 1070 Itaque
292 1019 398 1051 una
431 1006 493 1064 ²4)
539 1005 671 1052 inter
698 1021 794 1053 nos
821 1005 885 1063 ²⁵)
930 1022 1076 1069 agere
1105 1017 1319 1053 aetatem
1351 1003 1512 1055 liceat.

450 1074 541 1120 LA.
573 1072 645 1120 Di
664 1071 795 1121 mala
813 1071 1129 1140 prohibeant.
1148 1070 1208 1132 26)

94 1137 187 1187 SO.
222 1141 413 1205 Meque
436 1137 528 1189 abs
551 1154 600 1187 te
621 1139 855 1191 inmerito
880 1142 971 1189 esse
993 1140 1274 1190 accusatam
1300 1141 1511 1206 postmo-

452 1205 575 1256 dum
595 1208 821 1257 rescisses.
886 1212 975 1255 LA.
990 1208 1120 1255 Scio
1145 1215 1205 1263 27)

97 1274 176 1319 Te
197 1273 460 1321 inmerito?
480 1271 543 1334 28)
612 1274 687 1320 An
710 1277 987 1342 quicquam
1019 1291 1113 1340 pro
1144 1273 1245 1321 istis
1276 1272 1419 1323 factis
1444 1272 1511 1321 di-

451 1357 604 1405 gnum
623 1354 671 1387 te
700 1341 797 1388 dici
821 1342 994 1405 potest,

101 1408 244 1471 Quae
264 1423 343 1456 me
364 1419 415 1455 et
430 1419 480 1455 te
505 1419 555 1455 et
576 1407 812 1455 familiam
844 1408 1141 1467 ἆθάεοοιειε,
1171 1403 1290 1479 filio
1315 1405 1511 1456 luctum

450 1478 637 1541 paras?

55 1543 148 1588 T
151 1558 239 1591 um
275 1554 447 1592 autem
475 1559 536 1590 ex
572 1541 746 1591 amicis
780 1542 972 1593 inimici
1003 1554 1063 1590 ut
1095 1537 1190 1588 fint
1228 1539 1377 1590 nobis
1410 1539 1513 1589 affi-

454 1627 544 1658 nes
565 1610 628 1670 29)
664 1610 821 1659 factis.
843 1615 904 1670 3⁰)

30 1677 196 1743 15Qui
217 1675 362 1727 illum
391 1678 457 1738 3¹)
502 1676 834 1727 decreverunt
873 1677 1100 1742 dignum,
1145 1674 1259 1725 suos
1290 1675 1374 1724 cui
1393 1673 1514 1724 libe-

452 1763 538 1795 ros
559 1750 619 1805 3²)
654 1747 1024 1795 committerent

161 1893 177 1918 ι
292 1894 441 1918 mmune
503 1883 540 1930 ⁴)
563 1884 655 1920 edit.
678 1896 750 1919 om.
770 1892 806 1917 et
830 1883 1012 1928 probante
1027 1884 1149 1919 Bencl.
1204 1882 1273 1927 πο)
1296 1881 1405 1917 ludus
1438 1876 1517 1916 illa-

314 1938 453 1974 inl’ania
518 1945 581 1981 21)
622 1953 739 1975 meam
765 1940 960 1975 Soflratam
1027 1940 1092 1984 22)
1126 1937 1245 1972 secum
1316 1940 1382 1984 23)
1416 1952 1438 1974 ο
1465 1939 1518 1973 ιιιὶ

0 1997 16 2060 ᾗ,
46 2021 72 2032 x
201 1996 268 2040 24)
305 1995 363 2030 vel
390 1996 487 2031 hanc
556 1998 620 2043 25)
654 2011 712 2032 me
740 2009 775 2033 et
799 2008 834 2032 te
904 1997 968 2042 26)
1004 2007 1043 2030 ut
1081 2006 1119 2029 tu
1156 1995 1220 2029 diu
1247 2007 1390 2028 mecum
1421 1995 1516 2029 vivas

204 2055 265 2097 ²7)
300 2051 376 2094 vel;
431 2053 495 2098 ²8)
519 2055 675 2100 fignum
699 2056 985 2101 interrogandi.
1030 2053 1131 2101 quod
1154 2053 1245 2088 edic.
1274 2051 1403 2089 habet,
1443 2066 1519 2086 mu·

205 2120 327 2146 tatum
353 2111 507 2146 videtur·
537 2114 602 2153 in;
656 2114 722 2158 29)
746 2111 856 2146 vicini
921 2114 980 2151 30)
1012 2109 1067 2143 vel
1096 2108 1184 2141 facis
1206 2116 1242 2142 et
1260 2106 1320 2150 sic
1337 2106 1431 2142 edit.
1452 2109 1519 2141 Fa-

203 2167 278 2201 ctis
293 2169 344 2212 efi
360 2180 430 2210 pro
447 2168 608 2210 faeritas
651 2168 718 2214 31)
745 2165 979 2214 Pamphilum
1037 2166 1103 2210 32)
1126 2163 1240 2198 filiam
1265 2162 1378 2198 Iuam.

106 2332 179 2357 uno
200 2334 275 2360 ore.
295 2334 329 2356 v.
354 2322 478 2358 Heius.
500 2322 546 2357 ad
566 2323 674 2359 ovid.
695 2324 774 2358 Me-
850 2323 897 2358 ad
925 2322 1075 2357 sueton.
1099 2319 1202 2357 caer.
1224 2332 1254 2355 e.
1291 2320 1348 2357 26.
1371 2323 1520 2357 Doctae

105 2386 193 2411 tam.
211 2377 257 2411 X.
270 2385 326 2420 33.
360 2381 484 2416 Ser-ius
508 2393 575 2416 aut
594 2384 705 2418 cicius
716 2382 774 2425 se·
852 2382 904 2415 ad
919 2381 1106 2415 malitiam
1130 2377 1263 2411 dicitur
1281 2387 1320 2412 ut
1338 2377 1438 2424 apud
1457 2377 1519 2411 Ci-

17 2438 29 2485 “.
105 2432 188 2468 dem
209 2446 448 2477 properamus
465 2438 519 2479 qd
538 2449 659 2472 unam.
852 2449 973 2470 ceron.
996 2446 1060 2480 pro
1079 2432 1221 2467 Milone
1237 2445 1269 2467 e.
1287 2439 1324 2476 4.
1340 2435 1393 2469 ad
1410 2445 1520 2480 quam

151 2496 186 2530 5.
218 2490 261 2523 In
286 2491 412 2528 eodem
441 2507 563 2529 omnes
588 2493 679 2528 ludo
705 2491 773 2525 do·
849 2495 966 2538 legem
982 2505 1058 2526 non
1071 2489 1252 2535 doceised
1263 2490 1519 2535 factisumus.

108 2555 190 2579 ctae
217 2546 270 2580 ad
293 2549 499 2593 malitiam]
546 2549 571 2582 i.
591 2562 623 2583 e.
647 2557 774 2581 omnen
899 2554 951 2591 14.
974 2560 1023 2583 ex
1042 2547 1173 2581 aminis
1199 2547 1344 2581 inimici
1359 2557 1399 2581 ut
1410 2545 1521 2590 fine]

108 2599 190 2635 sunt
220 2612 333 2648 aeque
358 2603 564 2649 improbae,
593 2604 703 2639 altera
727 2602 776 2636 al·
851 2603 899 2638 fic
918 2602 1049 2638 Caesar
1075 2601 1119 2635 de
1138 2602 1179 2634 Β.
1200 2601 1242 2635 C.
1259 2601 1321 2633 111.
1347 2603 1519 2643 104ple·

107 2657 174 2692 teri
201 2669 275 2691 non
301 2658 398 2693 cedit
424 2660 667 2706 improbitate.
707 2660 777 2692 Lo-
851 2673 1004 2703 rumque
1030 2661 1070 2693 in
1089 2660 1307 2693 calamitate
1323 2671 1372 2693 ez.-
1390 2659 1521 2692 amicis

109 2713 208 2748 cutio
222 2713 330 2749 ducta
342 2714 392 2750 est
411 2728 430 2749 a
449 2716 536 2750 ludo
555 2716 623 2750 five
642 2713 779 2761 gladia·
853 2719 998 2752 inimici
1030 2714 1223 2758 exsistunt·
1267 2725 1299 2750 v.
1327 2724 1442 2749 notat.
1474 2712 1522 2747 ad

29 2795 33 2801 .
109 2771 203 2806 torio
220 2770 289 2805 five
306 2771 475 2806 literario.
494 2785 526 2809 ν.
546 2772 779 2809 Tonantium
853 2770 965 2808 Andr.
986 2772 1015 2805 Ι.
1041 2782 1071 2804 1.
1097 2782 1150 2804 10.

24 2824 27 2827 .
59 2841 206 2876 Terent.
233 2841 333 2876 Com.
367 2842 468 2877 Tom.
496 2841 548 2883 It,
1339 2830 1390 2873 H
1465 2881 1479 2896 ι
