1664 3100
130 125 197 184 γε
655 117 1016 178 ADELPHI.
1049 127 1051 129 ·

131 252 284 321 Quod
304 249 368 312 68)
402 249 515 300 illos
537 246 603 309 69)
637 249 708 298 sat
733 263 873 300 aetas
893 251 958 310 7⁰>
992 262 1154 306 acuet.
1227 252 1327 327 DE.
1365 252 1456 303 Ne.
1477 251 1551 300 nis

487 319 643 366 mium
676 317 828 367 modo

57 404 110 445 50
124 395 296 440 Bonae
318 401 438 436 tuae
464 387 581 435 istae
604 403 698 434 nos
720 387 943 436 rationes
963 385 1130 445 Micio,
1151 383 1215 448 7¹)
1533 429 1543 440 ι

126 459 191 508 Et.
234 471 357 524 tuus
401 455 486 503 iste
517 455 718 504 animus
764 471 958 522 aequos
991 453 1298 505 subvertant.
1329 456 1392 512 *)’
1451 453 1548 503 ‘ML

486 525 640 571 Tace.

123 591 362 646 Nonffiet.
384 591 524 640 mitte
545 595 605 651 72)
643 591 744 640 iam
763 590 926 640 istaec.
963 588 1028 639 da
1058 604 1107 639 te
1129 588 1250 644 mihi
1266 587 1431 643 hodie.
1454 592 1517 649 73)

125 668 353 728 Exporge
376 660 605 707 frontem.
628 660 692 718 74)
760 661 859 707 DE.
891 658 1096 708 Scilicet
1111 658 1184 707 ita
1204 671 1407 724 tempus
1429 657 1550 717 fert;

126 728 442 789 Faciundum
464 727 544 776 eft.
613 730 876 778 Caeterum
897 744 986 778 rus
1010 744 1124 776 cras
1149 744 1265 776 cum
1285 725 1402 784 filio,
1424 731 1484 786 7⁵)

54 811 108 854 55
123 804 247 848 Cum
280 797 444 862 prima
469 792 585 859 luce
606 796 648 854 *)
683 794 927 845 ibo-hinc.
993 798 1082 844 Ml.
1119 797 1201 844 De
1235 796 1387 845 'nocte
1419 790 1479 856 7⁶)
1506 789 1550 856 ⁴⁸)

486 863 662 915 censeo
688 870 748 928 77)

183 1003 243 1045 68)
269 1000 316 1035 ad
337 1013 446 1049 quam
466 1014 542 1037 rem
588 1002 657 1050 69)
685 999 857 1050 puerulos
906 1001 973 1047 7ο)
997 999 1085 1035 dum
1103 999 1242 1035 venerit
1295 999 1361 1046 71)
1385 1011 1408 1034 ο
1433 997 1552 1034 Micio

227 1060 258 1100 ⁴³)
280 1060 372 1095 edit.
399 1071 547 1107 aequus.
559 1074 581 1095 ο
595 1070 630 1094 et
640 1074 672 1104 ιι,
683 1061 876 1096 alternant

924 1058 976 1100 ”)
988 1060 1082 1094 edit.
1107 1057 1290 1092 subvertat
1306 1058 1412 1102 prob.
1428 1058 1552 1094 Bentl.

230 1117 295 1162 72)
320 1115 448 1151 omitte
513 1120 572 1162 73)
596 1114 656 1150 fac
685 1114 785 1163 quod
815 1116 898 1150 volo
922 1125 957 1150 et
988 1115 1178 1150 convivare
1204 1127 1348 1149 mecum
1404 1114 1470 1161 74)
1495 1126 1555 1149 ex-

226 1173 344 1209 hilara
370 1183 404 1208 et
432 1172 586 1208 extende
613 1185 720 1220 rugat
784 1175 848 1220 75)
874 1172 1099 1220 Ctefiphone
1152 1171 1188 1218 ⁴³)
1213 1173 1303 1208 edit.
1325 1171 1444 1219 primo
1464 1170 1552 1205 lucu

227 1233 332 1278 prob.
355 1233 476 1267 Bentl.

227 1289 331 1334 prob.
366 1289 491 1325 Bentl.
553 1288 619 1334 77)
651 1298 688 1324 te
715 1287 780 1325 ite.

543 1231 608 1277 76)
633 1231 747 1265 immo
778 1230 823 1266 de
851 1240 961 1266 nocte

1027 1229 1059 1271 ⁸)
1093 1230 1190 1266 edit.
1220 1229 1334 1264 immo
1367 1227 1414 1264 de
1441 1238 1551 1264 nocte
1587 1276 1589 1278 q

169 1466 226 1504 48.
251 1460 483 1495 Attentiores
505 1460 559 1494 ad
575 1459 667 1504 rem]
704 1457 797 1493 haec

124 1518 233 1566 plena
253 1516 302 1550 est
321 1515 473 1548 locutio.
534 1516 666 1549 Cicero
699 1513 799 1549 abso-

123 1575 199 1609 lute
223 1582 406 1607 attentum
427 1570 518 1605 dicit
537 1584 601 1617 pro
628 1584 745 1615 parco
763 1581 798 1605 et

124 1631 304 1677 diligenti
337 1639 369 1660 v.
389 1626 532 1660 Manut.
565 1627 612 1661 ad
642 1627 721 1662 Cic.
750 1627 797 1661 ad

123 1689 207 1723 Div.
229 1687 290 1720 IX.
318 1685 368 1720 16.
400 1695 435 1720 et
456 1685 587 1719 Graev.
610 1683 657 1717 ad
685 1681 796 1717 eund.

122 1758 188 1793 pro
209 1742 338 1778 Roscio
358 1744 474 1776 Amer.
497 1753 527 1774 c.
546 1748 599 1783 ¹5·

169 1815 278 1851 quam
306 1802 370 1845 sae
404 1798 478 1844 est]
538 1796 563 1829 i.
609 1807 641 1830 e.
685 1805 795 1842 quam

121 1872 214 1907 opus
235 1857 284 1892 est
305 1857 342 1890 in
361 1855 506 1890 Phorm.
526 1853 572 1886 V.
594 1859 626 1894 3.
643 1856 694 1895 14.
716 1852 794 1885 Liv.

119 1915 288 1962 XXXVI.
317 1925 370 1946 ιο.

167 1979 224 2018 49.
251 1970 381 2015 acuet]
429 1968 453 2001 i.
474 1980 505 2001 e.
525 1965 722 2014 prudentes
743 1965 796 2000 fa-

121 2030 183 2066 cit.
205 2029 302 2074 Nep.
324 2027 362 2061 in
390 2025 512 2060 Dione
532 2037 561 2060 e.
579 2032 613 2066 8.

131 2123 137 2139 z
163 2094 220 2129 51.
247 2086 394 2120 animus
417 2080 586 2130 aequus]
644 2083 793 2116 animus

121 2156 260 2189 aequus
291 2141 443 2179 dicitur,
492 2139 576 2187 qui,
615 2136 793 2186 quicquid

121 2197 277 2236 accidit,
311 2197 350 2231 in
371 2196 508 2231 bonam
530 2207 668 2244 partem
699 2194 791 2229 acci-

121 2257 186 2304 pit.
206 2255 381 2290 Flor.111-
413 2267 469 2289 2¹-
503 2256 678 2302 aequiore
707 2254 792 2289 ani·

118 2328 177 2350 mo
201 2325 386 2355 utcunque
407 2314 560 2356 ferr-em.

163 2377 221 2412 53.
253 2373 429 2415 Exporge
455 2369 651 2413 frontem]
709 2365 733 2400 ἰ.
758 2377 791 2399 e.

120 2426 268 2463 ostende
285 2437 320 2461 te
331 2426 498 2460 hilarem.
524 2425 641 2460 Plaut.
655 2423 694 2458 in
707 2421 790 2458 Cas.

116 2486 162 2521 11.
184 2491 218 2528 4.
241 2492 275 2528 3.
296 2483 392 2518 idem
420 2482 514 2518 valet
531 2483 705 2527 frontem
722 2493 789 2515 ex-

116 2544 269 2588 plicare,
288 2544 449 2589 solvere,
487 2542 679 2578 relaxare,
705 2551 791 2573 eon·

117 2598 266 2635 narium
279 2600 450 2643 frontem
460 2593 689 2637 contrahere.
711 2610 791 2632 cor·

117 2668 276 2701 rugare.
306 2657 458 2695 ducere,
484 2657 689 2693 adducere,
720 2655 790 2690 ad-

108 2714 305 2760 stringere
334 2725 364 2747 v.
390 2712 557 2747 Lambin.
587 2711 633 2746 ad
660 2712 789 2750 Horat.

875 1456 987 1505 Epist.
1007 1458 1036 1492 1.
1060 1465 1113 1498 18.
1134 1461 1193 1502 94.
1219 1466 1255 1492 et
1277 1468 1370 1505 quae
1399 1465 1551 1491 annota-

875 1516 991 1549 vimus
1015 1513 1061 1548 ad
1081 1514 1196 1550 Rutil.
1219 1515 1312 1560 Lup.
1330 1515 1360 1548 Ι.
1384 1514 1442 1558 69.
1497 1510 1500 1513 ⁴
1526 1520 1542 1528 '⁴

896 1608 899 1610 ,
919 1579 976 1612 55.
1000 1573 1123 1615 primo
1146 1571 1248 1619 luci]
1296 1569 1551 1604 adverbialiter

874 1637 1025 1674 ponitur
1058 1638 1159 1660 more
1195 1627 1344 1673 antiquo
1381 1636 1420 1661 ut
1444 1629 1549 1665 mani

873 1698 940 1731 pro
964 1697 1079 1720 mane.
1106 1684 1222 1718 Plaut.
1244 1683 1281 1717 iu
1303 1681 1498 1719 Cistell.11.
1516 1696 1545 1718 1.

871 1748 929 1786 49.
951 1755 1031 1777 curn
1048 1743 1170 1785 primo
1200 1741 1278 1775 luci
1305 1752 1391 1775 cras
1412 1750 1481 1774 etc.
1512 1752 1545 1774 v.

870 1797 1036 1837 Perizon.
1058 1797 1104 1830 ad
1125 1797 1265 1832 Sanctii
1291 1797 1385 1834 Min.
1405 1797 1433 1831 1.
1453 1809 1487 1842 9.
1507 1810 1546 1842 p.

870 1854 927 1897 64.
953 1864 989 1888 et
1004 1853 1123 1889 Bentl.
1146 1853 1191 1887 ad
1205 1853 1241 1887 h.
1258 1853 1283 1888 l.
1329 1854 1398 1889 His
1424 1865 1545 1888 autem

870 1920 1075 1957 temporum
1101 1911 1310 1946 nominibus
1347 1911 1453 1959 saepe
1483 1911 1546 1946 ad-

872 1965 970 2001 ditur
999 1963 1337 2019 praepositionum.
1403 1969 1544 2004 Hirtius

872 2025 918 2060 de
950 2026 994 2060 B.
1027 2025 1136 2060 Afric.
1171 2038 1202 2059 c.
1225 2027 1283 2060 62.
1313 2038 1396 2061 cum
1420 2029 1543 2072 primo

870 2097 978 2119 mane
994 2082 1137 2118 Sallust.
1160 2083 1199 2117 in
1215 2083 1294 2128 Jug.
1319 2095 1351 2117 c.
1370 2083 1429 2125 63,
1461 2097 1544 2119 cum

870 2144 999 2187 occasu
1019 2141 1132 2187 solis.

915 2198 962 2235 de
996 2197 1126 2241 nocte]
1197 2194 1237 2230 h.
1275 2196 1317 2230 e.‘
1351 2195 1471 2232 statim
1523 2211 1545 2235 a

872 2253 993 2289 media
1020 2263 1128 2288 nocte
1155 2253 1211 2288 vel
1240 2254 1396 2289 multum
1420 2255 1543 2292 adhuc

868 2312 986 2348 nocti.
1037 2312 1117 2347 Cic.
1145 2324 1211 2357 pro
1239 2312 1396 2347 Murena
1426 2326 1456 2347 c.
1484 2321 1543 2356 33.

867 2370 992 2405 Horat.
1012 2367 1123 2415 Epist.
1144 2369 1287 2411 1.2.32.
1335 2369 1396 2404 Sic
1415 2371 1463 2407 de
1479 2372 1543 2408 die

868 2427 918 2463 est
934 2426 1054 2462 statim
1074 2438 1092 2460 a
1106 2425 1270 2466 meridie,
1294 2427 1407 2462 multa
1419 2427 1542 2464 adhuc

868 2485 929 2520 die
957 2486 1032 2521 Liv.
1059 2485 1176 2520 XXV.
1206 2492 1262 2526 23.
1291 2485 1353 2519 ubi
1385 2497 1416 2519 v.
1450 2486 1542 2520 Dra·

866 2541 1088 2583 kenb.,inh·a
1105 2542 1152 2575 V.
1174 2553 1210 2588 9.
1232 2549 1266 2583 8.
1291 2554 1321 2575 ν.
1352 2541 1472 2578 Bentl.
1494 2541 1542 2578 ad

866 2602 992 2636 Horat.
1014 2597 1125 2647 Epist.
1146 2599 1171 2633 1.
1196 2606 1246 2640 ¹8·
1268 2610 1327 2643 91.
1347 2609 1382 2634 et
1402 2599 1538 2636 Ernest-

867 2658 907 2694 in
928 2658 1039 2694 Clave
1060 2656 1230 2692 Ciceron.
1260 2667 1348 2692 voce
1365 2657 1423 2693 de.
