1708 3106
506 191 644 242 Aer.
672 195 747 241 111.
790 193 995 242 ‘Scin
1026 193 1100 240 111.
1411 194 1509 240 223

96 326 167 380 Ni
190 329 341 378 etiam
358 326 497 377 hunc
518 346 598 376 me
616 326 770 376 huius
794 324 856 387 8⁶)
889 326 1038 377 causa
1056 340 1301 393 quaerere
1327 325 1380 374 in
1409 343 1511 375 ma·
1574 383 1577 385 ,

452 394 502 444 lo
523 396 703 444 iubeas
725 411 940 444 crucem.

97 467 209 512 AM.
247 467 436 513 Verum
461 461 544 512 hic
577 462 708 511 dicit.
784 464 885 510 PH.
919 459 1043 528 quid
1073 478 1166 525 ego
1195 458 1344 509 vobis
1380 462 1510 510 Geta

452 529 644 578 alienus
674 528 811 577 sum?
874 532 971 577 GE.
1004 527 1142 576 haud
1169 541 1310 593 puto.

31 605 39 614 ’
94 596 194 649 Sed
211 615 457 665 parumne
476 598 544 646 est
561 597 699 664 quod
726 595 960 646 omnibus
995 613 1135 645 nunc
1152 595 1300 644 nobis
1328 595 1514 644 suscen-
1569 623 1574 629 ·

446 666 515 714 set
531 664 707 714 senex?

97 735 178 783 Ne
209 732 496 798 instigemus
527 734 679 781 etiam
711 745 770 781 ut
795 729 969 781 nullus
1004 729 1152 781 locus
1191 720 1511 796 relinqnatur

187 826 193 833 ·
254 832 257 835 -
488 818 599 850 recl.

26 877 78 918 15
90 869 193 916 PH.
226 865 368 916 Alius
394 819 639 916 abpoculis
661 867 783 916 meis
806 865 942 915 illam
969 870 1031 925 87)
1069 867 1123 914 in
1142 866 1372 931 ignotum
1389 862 1511 915 hinc

448 934 669 985 abducet
687 934 892 983 locum?
928 934 1053 983 hem.

13 1037 19 1042 -
96 1003 233 1051 Dum
260 1001 414 1071 igitur
445 1002 587 1061 licet,
627 1002 853 1068 dumque
887 1003 1068 1060 assum,
1108 1000 1379 1068 loquimini
1410 1017 1510 1048 me-

447 1087 565 1120 cum
584 1070 816 1136 Antipho.

95 1135 512 1206 Contemplamini
541 1156 631 1186 me.
661 1143 722 1197 88)
806 1141 910 1187 ΑΝ.
951 1140 1113 1203 Quam
1143 1135 1208 1184 ob
1241 1139 1379 1184 rem?
1423 1148 1512 1184 aut

155 1218 181 1244 ⁸
452 1206 695 1271 quidnam
717 1224 769 1253 es
791 1204 1019 1254 factutfis
1043 1204 1180 1252 cedo.
1202 1209 1265 1261 89)

92 1270 232 1320 PHE.
274 1275 498 1339 Quoquo
528 1280 590 1331 9⁰)
633 1272 970 1338 asportabitur
991 1273 1056 1330 9¹)
1094 1285 1362 1328 terrarum,
1408 1287 1509 1319 cer-

451 1354 557 1387 tum
582 1340 651 1387 est
670 1341 899 1406 persequi
918 1345 981 1399 92)

98 1410 201 1454 Aut
233 1406 410 1471 perire.
475 1409 631 1456 ANT.
673 1408 762 1454 Dii
796 1406 925 1456 bene
958 1419 1162 1456 vortant
1188 1403 1329 1472 quod
1363 1419 1509 1470 agas3

451 1473 806 1540 pedetemptim
832 1487 1001 1522 tamen

24 1538 278 1592 20Vide,s1
306 1539 429 1608 quid
458 1543 571 1608 opis
601 1546 663 1601 93)
717 1555 865 1607 potes
897 1542 1071 1590 afferre
1100 1540 1229 1589 huic.
1316 1538 1413 1587 GE.
1457 1540 1510 1588 Si

449 1608 588 1674 quid,
608 1611 671 1670 94)
705 1610 864 1678 quid?
886 1614 949 1670 95)
994 1612 1099 1660 AN.
1122 1624 1309 1676 quaere
1330 1605 1392 1667 9⁶)
1422 1606 1509 1655 ob·

448 1677 600 1735 secro,

92 1745 172 1794 Ne
194 1741 317 1810 quid
341 1741 455 1810 plus
482 1744 717 1795 minusve
747 1746 885 1804 faxit,
903 1746 969 1805 97)
1005 1741 1149 1811 quod
1178 1759 1274 1792 nos
1302 1742 1413 1808 post
1442 1742 1507 1807 pi-

453 1827 567 1877 geat
596 1815 737 1862 Geta.
758 1819 820 1877 98)

118 1992 127 2001 ,
154 1965 215 2009 36)
248 1964 425 2000 Phedriae
482 1966 548 2011 87)
589 1966 818 2011 Pamphilam
879 1970 939 2009 33)
971 1965 1172 2013 respectum
1199 1963 1318 2000 solatii
1342 1963 1512 2011 praebete

201 2023 260 2067 89)
286 2021 347 2055 di'c
392 2025 453 2068 90)
477 2023 525 2056 ad
545 2024 728 2070 quaslibet
772 2024 840 2070 9¹)
863 2023 1055 2070 Pamphila
1100 2024 1166 2069 9²)
1188 2034 1255 2055 nos
1301 2025 1362 2066 93)
1387 2021 1513 2055 auxilii

199 2080 260 2124 94)
293 2075 435 2123 poffum
501 2083 561 2124 95)
595 2079 728 2136 faciam
796 2081 860 2125 96)
895 2079 1046 2127 provide
1115 2079 1181 2124 97)
1217 2075 1328 2111 faciat
1356 2076 1513 2112 Phedria

8 2021 14 2068 Ξ

201 2135 268 2180 98)
294 2146 316 2167 ο
349 2134 459 2172 Geta.

147 2271 201 2296 Π.
233 2274 404 2308 quaer-ere
421 2265 462 2298 in
482 2264 582 2298 malo
602 2263 767 2306 erucem]
890 2273 946 2295 ιι.
971 2262 1059 2304 plus
1085 2263 1255 2297 minusve
1273 2261 1421 2306 sacer-e]
1460 2261 1514 2296 di-

98 2315 369 2362 proverbialiter
389 2319 531 2357 dicitur.
553 2320 615 2366 qui
636 2320 674 2353 iu
691 2331 770 2365 par·
845 2317 937 2352 citur
956 2317 1019 2363 qui
1037 2316 1127 2363 quid
1146 2317 1253 2356 facit,
1290 2317 1390 2364 quod
1406 2318 1444 2352 in
1465 2318 1515 2352 al-

99 2384 146 2405 vo
167 2371 263 2405 malo
283 2386 454 2419 magnum
475 2374 541 2408 fibi
559 2374 695 2409 malum
716 2374 769 2409 ul-
844 2383 1014 2408 ten-utram
1046 2384 1183 2420 partem
1212 2372 1372 2419 conspici
1396 2385 1432 2408 et
1449 2387 1515 2409 no·-
1534 2417 1538 2420 .

99 2438 156 2463 tro
176 2427 325 2465 arceffit.
636 2471 640 2476 .
844 2429 913 2464 taxi
935 2428 1043 2475 poffit
1060 2430 1116 2463 vel
1143 2430 1182 2463 in
1204 2427 1382 2464 excessum
1401 2430 1456 2465 vel
1475 2431 1516 2466 in

149 2495 202 2520 η.
229 2487 399 2527 alienus]
442 2480 581 2520 alienus
601 2485 661 2524 est.
683 2498 772 2532 quo·
831 2485 1046 2531 ‚defectum,
1089 2496 1129 2520 ut
1160 2485 1301 2520 barbari
1330 2485 1437 2532 vulgo
1462 2487 1515 2521 lo·

100 2552 183 2574 cum
211 2539 311 2573 nulla
340 2541 444 2575 nobis
468 2541 660 2577 intercedit
684 2542 771 2575 ami·
846 2552 1016 2586 quuntur.
1038 2541 1155 2576 Plaut.
1183 2543 1220 2576 in
1249 2543 1391 2590 Captiv.
1413 2538 1460 2579 V.
1479 2551 1513 2584 3.

100 2595 199 2630 cina.
228 2608 259 2630 v.
278 2596 355 2630 Cic.
378 2596 423 2630 ad
441 2598 523 2631 Div.
546 2600 574 2632 Ι.
596 2610 629 2642 9.
647 2601 770 2632 enitor
848 2607 900 2638 13.
925 2611 992 2634 cur·
1024 2613 1094 2645 ego
1130 2601 1218 2644 plue
1243 2604 1415 2637 minusve
1431 2601 1516 2644 feci

100 2665 141 2688 ue
166 2666 278 2699 neque
298 2655 428 2687 amicis
445 2667 557 2700 neque
576 2656 768 2689 alienior-i-
843 2656 907 2689 illi
925 2668 1033 2702 quam
1050 2668 1204 2704 aequum
1221 2657 1315 2698 fuit.
1335 2669 1367 2690 v.
1386 2655 1514 2691 Schul-

99 2710 166 2744 bus
182 2720 316 2752 opera,
352 2709 527 2751 consilio,
563 2711 692 2746 labore
711 2712 770 2746 de·
843 2710 934 2756 ting.
957 2710 1004 2745 ad
1023 2710 1107 2746 Seu.
1126 2710 1267 2752 supter.
1289 2713 1366 2748 vu.
1386 2719 1446 2758 45.

90 2766 167 2811 sim
189 2774 225 2800 et
251 2763 303 2798 ibi
327 2765 471 2800 Manut.

169 2883 197 2890 ο
