1708 3106
506 114 646 187 Acr.
689 137 767 187 III.
846 139 1018 188 Scri-1.
1065 141 1098 185 1.
1413 141 1509 190 215

23 296 76 324 20
90 273 290 324 Redisse.
314 277 377 334 ¹¹)
427 273 585 323 DEM.
612 277 794 322 Frater
807 275 866 331 ¹²)
901 273 972 321 est
997 270 1342 335 expectandus
1372 272 1510 322 mihi.

91 347 136 392 ls
172 341 313 410 quod
350 346 389 403 ')
441 341 632 391 dederit
675 339 738 389 de
774 338 871 389 hac
900 357 957 388 re
996 337 1259 388 confilium
1295 340 1348 389 id
1381 342 1508 390 exse·

483 424 590 456 uar.
618 406 689 468 ”)

92 428 562 526 Percontatumqibo
586 475 651 524 ad
671 488 888 542 portum,
916 466 1091 542 quoad
1118 479 1175 535 ¹3)
1207 475 1254 524 se
1284 477 1505 542 recipiat.

91 545 189 594 GE.
214 547 273 604 ’4)
311 545 376 594 At
398 562 490 610 ego
511 541 850 610 Antiphonem
870 560 1125 611 quaeram,
1159 557 1219 591 ut
1238 560 1371 610 quae
1393 557 1507 593 acta

444 613 561 660 hinc
586 608 679 659 fint
705 611 835 659 sciat.

93 678 194 761 Sed
210 697 383 730 eccum
406 680 563 746 ipsum
585 677 769 728 video
755 696 808 726 1n
832 690 1058 747 tempore
1083 675 1144 740 ¹5)
1176 677 1279 728 huc
1307 678 1353 729 se
1384 679 1503 728 reci-

442 764 572 814 pere.

127 868 361 949 (Acras
408 888 484 939 111.
558 892 752 941 scam
794 893 827 938 1.
901 892 1210 940 ΑΝΤΙΡΗΟ.
1255 855 1471 950 οΕΤΑ)

87 1005 400 1054 ANTIPHO.
427 999 486 1061 ’6)
526 1002 794 1053 Enimvero
824 1001 1045 1067 Antipho
1077 1001 1248 1051 multis
1281 1001 1444 1050 modis
1465 1002 1504 1062 Ἴ

444 1089 561 1119 cum
580 1070 701 1120 istoc
722 1071 889 1118 animo
910 1087 964 1118 es
987 1069 1367 1135 vituperandus.

87 1142 229 1187 Itane
259 1137 380 1187 hinc
407 1138 567 1195 abisse,
592 1147 647 1198 ’7)
686 1150 741 1186 et
759 1138 912 1187 vitam
933 1151 1072 1209 tuam
1102 1137 1365 1186 tutandam
1391 1135 1501 1186 aliis

446 1205 649 1255 dedisse
636 1207 657 1239 7

89 1271 228 1321 Alios
247 1287 390 1321 tuam
399 1289 504 1320 rem
524 1270 770 1321 credidisti
788 1271 945 1336 magis
966 1289 1122 1342 quam
1134 1284 1184 1320 te
1198 1271 1503 1321 animadver-

449 1339 616 1387 su'ros
601 1342 623 1374 ‘³
647 1340 708 1396 ’8)

93 1409 229 1456 Nam
248 1418 307 1454 ut
322 1410 452 1466 ut¹9)
484 1418 629 1454 erant
648 1405 758 1463 alia,
778 1403 849 1452 illi
872 1417 1005 1454 certe
1026 1422 1158 1471 quae
1178 1423 1316 1455 nunc
1339 1404 1504 1468 tuae‘)

448 1468 586 1520 domi
604 1474 672 1521 est
692 1471 987 1530 consuleres,
1001 1482 1061 1531 ²⁰)

50 1552 77 1593 5
91 1544 172 1592 Ne
211 1539 335 1608 quid
378 1553 587 1605 propter
623 1554 766 1588 tuam
808 1537 959 1587 fidem
1003 1538 1210 1606 decepta
1243 1552 1504 1606 pateretur

446 1606 590 1665 mali,
835 1647 839 1650 .

90 1677 247 1726 Cuius
265 1692 403 1724 nunc
420 1675 626 1725 miserae
641 1675 749 1737 spes
779 1691 1009 1741 opesque
1035 1674 1183 1723 sunt
1169 1693 1222 1727 m
1241 1687 1290 1723 te
1317 1692 1427 1723 uno-
1440 1678 1503 1737 ²‘)

446 1759 621 1791 omnes
650 1741 779 1790 sitae.

95 1810 195 1861 GE,
204 1810 279 1860 Et
298 1809 507 1878 quidem
526 1812 566 1869 ⁸)
598 1827 681 1858 ere
702 1815 763 1870 ²²)
792 1826 888 1858 nos
919 1808 1223 1857 iamdudum
1239 1807 1323 1858 hic
1353 1823 1402 1858 te
1422 1808 1504 1858 ab·

447 1877 631 1926 sentem
651 1877 961 1935 incusamus,
986 1881 1048 1936 ²3)
1082 1878 1174 1945 qui
1198 1875 1390 1926 abieris.

150 2015 219 2062 ζει)
250 2012 498 2061 Antiphonem
557 2013 743 2057 1²)meu·
770 2011 945 2047 Chremes
1009 2010 1045 2053 ⁶)
1074 2011 1138 2044 ed1
1137 2021 1165 2044 e·
1193 2021 1230 2044 ee
1261 2011 1383 2046 Bentl.
1414 2013 1506 2048 odd.

198 2070 292 2107 mihi
354 2069 405 2114 ”)
429 2069 521 2104 edic.
548 2080 585 2104 et
614 2068 734 2104 Bentl.
762 2067 889 2113 sequar
915 2067 1172 2112 prob..BeneI·
1222 2066 1283 2110 ¹3)
1317 2079 1506 2113 quousque

202 2129 264 2174 14)
292 2127 412 2162 secum
463 2125 523 2170 ¹5)
546 2134 724 2170 oportune
783 2125 844 2167 16)
871 2121 1108 2168 semetipsum
1135 2119 1317 2165 redarguit
1343 2123 1506 2169 Antipho

201 2183 301 2232 quod
323 2181 397 2229 ipse
417 2181 518 2216 suam
542 2181 682 2215 causam
704 2180 836 2225 fugerit
852 2177 1061 2227 nquevaliis
1087 2176 1303 2212 commiserit
1349 2179 1394 2223 ⁸)
1414 2181 1507 2215 edic,

201 2238 429 2274 multimodis
472 2238 575 2283 prob.
621 2238 741 2272 Benel.
823 2234 884 2280 ¹7)
925 2233 1099 2268 debueras
1176 2233 1219 2278 8)
1258 2233 1507 2280 prosecuturos

123 2330 129 2335 ,
205 2299 262 2342 19)
286 2306 470 2341 uteunque
516 2295 552 2338 ³)
575 2295 663 2329 edic.
688 2292 754 2327 tibi
769 2293 873 2336 prob.
893 2292 1013 2326 Benel.
1059 2294 1119 2330 20)
1138 2289 1343 2337 providem
1386 2293 1450 2336 21)
1468 2292 1508 2326 in

175 2391 180 2395 ,
204 2363 265 2385 me
321 2351 351 2391 ⁸)
375 2352 465 2387 edic.
485 2349 654 2395 equidem
676 2350 829 2392 improb.
852 2348 970 2383 Bencl.
1026 2349 1090 2394 22)
1113 2359 1135 2381 ο
1163 2345 1311 2381 domiue
1366 2349 1431 2394 23)
1456 2349 1510 2384 'm-

204 2405 366 2443 ensurnus
385 2403 575 2445 maiores(
602 2404 807 2440 accusamus
835 2404 1006 2440 minoren.

217 2551 326 2589 Aer.
347 2553 412 2586 111.
458 2551 593 2585 Scau.
623 2562 653 2585 r.
845 2546 928 2585 temv
950 2549 1129 2584 dicuntur.
1157 2549 1274 2584 plaut.
1303 2549 1343 2584 iu
1369 2550 1512 2596 Epidio.

150 2613 184 2648 5.
229 2621 275 2642 ne
310 2609 618 2653 quid-potiretur·
650 2607 766 2651 mali]
842 2607 910 2641 IV.
954 2618 984 2639 r.
1026 2614 1082 2648 35.
1128 2607 1326 2652 hofiiunr'fi
1372 2611 1512 2650 potita.

103 2664 223 2706 potiri
264 2674 307 2696 ex
347 2663 392 2697 iis
426 2663 540 2697 verbis
588 2662 638 2697 est
677 2675 769 2710 quae
845 2663 884 2696 iu
917 2661 1014 2698 Rud.
1051 2663 1078 2700 1.
1120 2669 1154 2702 3.
1189 2675 1220 2702 7.
1262 2663 1363 2698 haud
1392 2664 1517 2699 Iahon·

107 2718 147 2753 iu
179 2717 367 2754 meliorem
396 2729 431 2754 et
452 2718 664 2754 deteriorem
691 2730 770 2766 par·
843 2723 905 2765 esc,
930 2720 1094 2757 laborem
1120 2717 1215 2754 hune
1234 2722 1355 2765 potiri
1377 2732 1408 2754 ν.
1423 2720 1516 2755 Gro-
