1708 3106
141 159 245 209 150

622 171 625 174 ·
691 154 1018 204 HECYRA.

140 291 294 341 ΡΑΜ.
325 291 459 358 Quia
479 289 541 341 de
558 307 720 341 uxore
747 291 972 341 incertus
997 291 1102 340 sum
1133 291 1284 341 etiam
1316 289 1445 360 quid
1473 288 1573 362 firn-

498 359 739 410 facturus.

806 363 897 408 LA.

931 358 1067 424 Quid
1089 359 1189 408 est?

142 427 280 495 Quid
299 428 374 480 vis
394 427 558 478 facere
580 426 665 476 nifi
687 426 964 477 reducere?
1027 430 1180 477 PAM.
1214 426 1458 496 Equidem
1478 445 1563 479 cu·

500 514 586 562 pio
611 509 660 544 et
680 513 765 546 vix
786 509 1061 545 contmeor.

77 586 126 613 ιο
142 567 262 615 Non
293 561 358 624 6²)
406 565 746 614 comminuam
779 561 841 625 63)
878 565 920 623 *)
982 581 1151 612 meum
1196 560 1469 613 confilium.
1500 559 1566 624 64)

506 637 577 680 Ex
602 633 693 681 usu
713 629 777 691 65)
809 630 951 700 quod
977 632 1067 690 est,
1101 632 1153 680 id
1182 631 1464 699 persequar.

145 698 304 748 Credo
324 718 383 749 ea
406 701 565 766 gratia
586 698 864 750 concordes
894 697 959 759 66)
986 697 1021 748 fi
1051 717 1156 749 non
1188 697 1430 748 reducam-
1458 699 1568 747 fore

147 769 241 816 LA.
275 769 493 819 Nescias.
529 786 770 834 nequeas.
794 771 832 828 *)
854 765 917 829 67)

995 771 1182 816 Verum
1212 767 1266 815 id
1296 780 1388 816 tua
1418 767 1569 816 refert

508 836 647 894 nihil,
665 835 726 897 68)
761 849 932 886 utrum
957 834 1073 884 illae
1095 836 1320 893 fecerint,

148 903 367 971 Quando
385 903 510 954 haec
530 902 591 964 69)
628 903 819 968 abierit.
886 902 1069 953 Odiosa
1092 902 1218 953 haec
1246 903 1314 952 est
1346 915 1486 952 aetas
1506 903 1569 963 7⁰)

509 971 908 1022 adulescentulis.
1511 972 1514 974 ’
1564 977 1567 979 ’

149 1038 192 1084 Ε
220 1039 386 1090 medio
410 1045 469 1103 7¹)
525 1059 746 1108 aequum
776 1039 1018 1090 excedere
1048 1039 1126 1088 est.
1198 1037 1452 1088 Postremo
1481 1043 1572 1101 7¹²)

507 1127 601 1158 nos
624 1111 723 1157 iam
750 1107 951 1157 fabulae

83 1186 132 1227 15
148 1173 330 1224 Sumus
359 1176 617 1242 Pamphile
637 1187 696 1236 72)
731 1178 876 1225 senex
908 1189 1065 1242 atque
1089 1192 1232 1224 anus.

151 1244 249 1294 Sed
281 1243 428 1295 video
458 1244 758 1311 Phidippum
792 1244 958 1310 egredi
979 1260 1072 1310 per
1097 1256 1313 1310 tempus.
1337 1246 1400 1313 7¹3)
1433 1260 1570 1295 acce-

510 1312 703 1362 damus.
726 1314 790 1372 74)

209 1446 275 1491 62)
294 1444 355 1480 sed
376 1459 453 1481 non
497 1446 563 1491 63)
582 1445 700 1481 matri.
723 1445 798 1481 alii.
827 1446 902 1492 Ego
921 1457 993 1479 non
1014 1444 1177 1478 minuam
1224 1444 1263 1490 *)
1279 1447 1370 1482 edic.
1390 1459 1428 1483 et
1446 1447 1573 1489 Bentl.
1624 1456 1627 1458 '

256 1502 329 1536 sed
359 1516 433 1537 non
461 1502 623 1537 minuam
679 1504 745 1548 64)
770 1502 851 1537 vel?
907 1503 967 1545 65)
996 1515 1039 1536 ex
1071 1502 1229 1537 utilitate
1275 1504 1341 1548 66)
1367 1515 1516 1539 matrem
1538 1514 1576 1541 et

255 1559 512 1594 Philumenam

574 1561 604 1601 ⁴¹)
622 1560 714 1597 edic.
746 1565 867 1597 omitt.
906 1572 1065 1605 nequeas
1129 1559 1194 1604 67)
1222 1558 1336 1595 nescis
1358 1561 1459 1609 quod
1482 1561 1576 1598 dici·

259 1629 380 1662 neque
412 1617 547 1662 poteris
583 1629 686 1662 agere
726 1618 776 1652 ita
809 1629 850 1653 ut
882 1618 974 1652 dicis
1047 1617 1112 1660 68)
1154 1616 1249 1650 nihil
1279 1616 1326 1652 ad
1355 1628 1391 1653 te
1418 1619 1577 1666 pertinet

260 1673 326 1718 69)
363 1683 478 1707 mater
504 1673 634 1718 (uxor)
661 1685 743 1707 mea
798 1677 856 1719 70)
886 1673 994 1709 anilis
1064 1676 1127 1720 7¹)
1159 1674 1239 1721 post
1270 1687 1378 1723 quam
1407 1688 1451 1710 ex
1486 1675 1575 1710 urbe
1599 1670 1614 1679 ’

258 1741 298 1777 7ι
315 1729 355 1774 a)
379 1728 615 1777 postmodum
657 1733 721 1777 72)
740 1745 760 1766 ο
776 1730 969 1778 Pamphile

1023 1733 1087 1778 73)
1103 1742 1283 1779 oportune
1326 1733 1388 1778 74)
1411 1732 1458 1767 ad
1477 1746 1574 1768 eum.

201 1886 236 1920 9.
263 1876 458 1921 contineo]
503 1876 640 1912 [cilicet
660 1890 731 1914 me.
757 1876 830 1911 Sed
896 1880 1078 1924 ficiorum
1105 1882 1170 1928 qui
1191 1883 1477 1926 persequuntur,
1502 1881 1575 1930 ,ubi

155 1930 310 1967 Bentlei.
341 1945 370 1966 e.
392 1933 604 1969 melioribus
631 1933 732 1968 libris
755 1935 830 1968 ‹zdi-

156 1985 212 2021 dit
240 1990 454 2030 contineor,
495 1991 595 2038 quod
627 1992 831 2040 praeferrem·

156 2043 256 2078 dum.

206 2113 259 2135 ro.
293 2116 370 2138 non
404 2106 568 2141 minuam
608 2106 828 2152 confilium]

155 2156 195 2191 h.
225 2171 256 2192 e.
288 2160 476 2196 confilium
509 2161 609 2209 quod
638 2163 718 2210 cepi
752 2176 828 2197 non

155 2214 320 2252 mutabo.
350 2229 382 2251 v.
408 2230 485 2254 not.
515 2219 562 2254 ad
586 2219 698 2258 Andr.
727 2221 772 2256 11.
793 2228 827 2263 3.

160 2278 217 2313 ιε.

203 2331 421 2378 persequar]
456 2332 490 2366 ‘i.
514 2346 543 2367 e.
567 2332 702 2380 sequar,
732 2345 829 2368 com-

156 2383 313 2430 positum
353 2399 418 2431 pro
460 2386 624 2437 fimplici.
669 2390 749 2425 Cic.
780 2389 828 2425 ad

157 2440 242 2475 Div.
271 2443 333 2476 IX.
364 2450 399 2485 3.
443 2448 614 2492 neglecta
652 2447 829 2483 barbaro-

155 2512 242 2535 rum
271 2501 438 2545 institia,
473 2515 509 2538 ce
527 2507 745 2551 persequam
781 2504 828 2539 de

159 2553 269 2593 Offic.
292 2556 340 2592 11.
367 2564 428 2603 24.
469 2558 559 2597 haec
592 2574 732 2610 genera
767 2563 827 2607 of-

904 1949 937 1971 v.
961 1936 1094 1972 Graev.

956 1997 1007 2037 14.
1033 2007 1102 2029 nos
1117 1993 1277 2036 fabulae
1294 1994 1448 2040 sumus]
1495 1995 1522 2030 ἰ.
1542 2008 1575 2030 e.

905 2062 972 2084 nos
991 2049 1095 2084 nullo
1118 2062 1270 2084 numero
1288 2048 1421 2086 sumus.
1470 2053 1579 2088 Vete-

905 2119 960 2141 res
986 2116 1064 2141 tum
1098 2106 1268 2142 homines
1302 2117 1376 2142 tum
1408 2121 1463 2143 res
1492 2122 1578 2144 con-

904 2173 1038 2199 temtus
1074 2161 1177 2197 causa
1215 2163 1355 2199 fabulas
1393 2175 1428 2200 et
1462 2179 1576 2212 nugas

905 2219 1044 2255 dicunt.
1067 2220 1145 2255 Cic.
1166 2219 1211 2254 ad
1231 2220 1338 2254 Attic.
1352 2222 1414 2256 VI.
1434 2230 1467 2264 3.
1488 2227 1579 2260 ami·

904 2292 966 2314 cos
983 2277 1089 2314 habet
1110 2291 1228 2314 mera-r
1241 2291 1363 2324 nugas
1383 2277 1428 2311 ad
1444 2279 1576 2324 Quint.
1638 2274 1651 2285 ”

902 2333 1001 2370 fratr.
1031 2336 1060 2369 l.
1090 2347 1122 2369 2.
1144 2349 1213 2382 ego
1242 2348 1366 2382 nugas
1390 2340 1578 2374 maximas

903 2396 1007 2429 omni
1031 2404 1112 2427 mea
1129 2395 1302 2428 comitate
1321 2394 1405 2438 sum
1423 2397 1579 2439 comple·

904 2464 990 2487 xus.
1010 2449 1136 2484 Horat.
1161 2449 1282 2486 carm.
1301 2450 1330 2483 1.
1359 2456 1393 2492 4.
1420 2451 1474 2486 16.
1501 2454 1579 2488 iam

904 2519 941 2543 te
978 2517 1119 2551 premet
1149 2520 1227 2543 nox
1251 2507 1480 2555 fabulaeque
1504 2521 1579 2544 ma-

903 2575 982 2600 nes.
