1708 3106
183 165 274 221 146

722 157 1047 207 HECYRA.

176 299 361 346 Verum
385 295 455 345 ita
481 312 559 344 me
577 294 644 343 Di
667 305 857 353 ament,
890 294 1066 362 itaque
1087 299 1146 360 ι7)
1179 292 1448 363 obtingant
1464 311 1527 346 ex
1547 309 1599 346 te

534 380 667 430 quae
706 378 829 427 opto
865 361 1000 420 mihi,

178 435 246 484 Ut
264 449 526 501 nunquam
554 432 709 480 sciens
731 432 1009 479 commerui
1039 433 1234 491 merito,
1252 428 1292 495 *)
1325 447 1386 483 ut
1419 434 1481 494 ι8)
1518 449 1598 483 ca·

534 512 678 564 peiet
698 497 785 547 illa
806 501 844 558 *)
888 497 1063 547 odium
1093 501 1204 548 mei.

134 574 357 637 5Teque
380 581 653 634 antequam
677 584 755 613 me
779 584 948 615 amare
963 571 1028 629 ²⁰)
1063 568 1224 627 rebar,
1242 570 1304 630 ²¹)
1340 569 1386 617 ei
1416 568 1488 618 rei
1519 566 1599 618 fir-

537 635 675 682 masti
699 632 859 683 fidem.
909 669 911 671 ι

176 707 311 756 Nam
331 702 489 755 mihi
476 717 616 752 intus
639 715 760 750 tuus
784 715 928 768 pater
944 703 1170 754 narravit
1188 703 1355 764 modo,
1390 722 1495 773 quo
1516 721 1600 771 pa·

534 785 619 819 cto
646 787 726 818 me
748 769 988 819 habueris

112 876 115 877 γ
169 837 510 906 Praepositam
535 839 695 887 amori
717 850 822 886 tuo.
855 840 1009 888 Nunc
1028 837 1121 888 tibi
1144 852 1339 888 certum
1360 857 1440 889 me
1459 840 1527 889 est
1539 843 1601 902 22)

536 919 713 955 contra
731 903 962 984 gretiam.

178 975 404 1034 Reserre,
439 987 499 1024 ut
517 973 654 1041 apud
674 992 754 1022 me
775 974 1056 1039 praemium
1078 974 1171 1023 esse
1202 971 1418 1041 pofitum
1448 975 1603 1041 pieta·

537 1043 656 1091 tatis
678 1044 742 1101 2ὅ)
778 1043 915 1091 scias.

628 1112 744 1159 Hoc
777 1124 827 1159 et
856 1108 1002 1160 vobis
1033 1111 1098 1170 ²4)
1128 1122 1180 1160 et
1209 1128 1350 1173 meae
1383 1129 1602 1162 commo-

180 1112 257 1160 Mi
276 1109 547 1177 Pamphile.

537 1177 656 1226 dum
677 1177 839 1227 famae
861 1177 1091 1236 arbitror.

111 1270 160 1299 ιο
177 1251 279 1315 Ego
301 1263 390 1296 rus
415 1244 670 1294 abituram
693 1245 810 1294 hinc
834 1246 1081 1296 continuo
1101 1249 1163 1309 ²5)
1197 1264 1277 1297 me
1288 1247 1325 1309 *)
1355 1247 1449 1321 effe
1467 1260 1604 1298 certe

539 1313 737 1363 decrevi
756 1316 904 1379 patri,
924 1311 1031 1374 2⁶)*
1030 1324 1046 1378 )
1177 1360 1179 1362 .

183 1352 264 1438 Ne
286 1399 399 1432 mea
417 1382 696 1449 praesentia
726 1382 896 1442 obstet,
916 1388 977 1446 27)
1020 1401 1122 1434 neu
1149 1384 1298 1434 causa
1329 1381 1433 1433 ulla
1458 1384 1607 1434 restet

536 1448 748 1516 reliqua,

245 1583 307 1631 ¹7)
335 1592 370 1616 et
389 1581 442 1616 ita
495 1581 531 1627 )
555 1583 646 1618 edic.
669 1584 823 1631 ‹lifting-
851 1585 934 1629 post
954 1585 1151 1620 commerui
1220 1586 1283 1634 ιε)
1309 1586 1396 1635 quia
1449 1587 1490 1634 ³)
1512 1588 1606 1625 edit.

288 1639 389 1673 illam
417 1640 523 1683 prob.
546 1642 667 1676 Bencl.
702 1644 837 1677 invitis
866 1639 1036 1679 omnibus
1061 1642 1172 1679 libris
1197 1644 1381 1681 Romanis
1410 1658 1436 1681 a
1463 1646 1606 1682 faerno

289 1697 462 1733 laudatis
482 1699 547 1741 qui
574 1696 756 1733 habehant
787 1698 850 1732 illa
898 1703 960 1740 20)
987 1712 1068 1734 cum
1098 1699 1229 1735 marito
1253 1713 1336 1736 meo
1356 1712 1398 1738 ut
1422 1715 1482 1737 me
1511 1715 1608 1738 ama-

290 1766 346 1790 res
412 1757 469 1793 21)
499 1752 723 1788 aestimarem
789 1755 855 1800 22)
880 1754 1071 1791 definitum
1103 1756 1153 1792 est
1180 1757 1279 1811 apud
1307 1771 1366 1793 me
1431 1761 1497 1806 23)
1522 1771 1608 1798 tuac

292 1809 358 1853 24)
382 1809 450 1843 tibi
478 1820 515 1844 et
534 1810 773 1844 Philumenae
839 1813 903 1857 25)
936 1812 983 1846 al.
1012 1826 1094 1847 cum
1121 1823 1188 1849 tuo
1211 1814 1213 1816 ’

1250 1816 1282 1857 ⁴*)
1306 1818 1399 1854 edit.
1427 1830 1463 1855 et
1485 1821 1607 1856 Bentl.

290 1877 374 1900 cum
403 1874 467 1899 tuo
514 1866 580 1911 26>
613 1866 669 1903 vel
697 1878 798 1913 patre
844 1867 874 1908 ⁴)
897 1870 990 1906 edic·
1020 1882 1058 1907 ec
1084 1871 1203 1910 Benel.
1222 1883 1325 1920 patre
1371 1875 1436 1922 27)
1456 1876 1572 1912 vobis.

302 2011 411 2045 Aer.
437 2010 502 2044 IV.
549 2011 687 2048 Scan.
716 2025 751 2051 2.

235 2075 269 2110 5.
297 2079 403 2116 teque
430 2079 630 2114 antequam
658 2085 715 2107 me
737 2085 863 2108 amare

189 2125 303 2159 rebar
328 2124 414 2168 ecc]
464 2123 565 2159 hunc
585 2125 727 2168 locum¹
753 2142 772 2164 e
791 2143 864 2177 quo

192 2180 314 2215 nullus
336 2179 454 2216 [ensus
472 2181 555 2215 elici
578 2193 739 2228 poterat,
775 2185 867 2220 auti—

193 2250 347 2284 quorum
367 2237 542 2273 librorum
563 2252 632 2287 ope
644 2240 692 2275 fic
712 2241 867 2278 restituit

192 2294 350 2329 Bentlei.
390 2307 496 2342 teque
536 2308 624 2333 ante
668 2300 770 2346 quod
810 2314 867 2336 me

193 2364 320 2387 amare
347 2354 457 2387 rebar
481 2356 517 2388 ei
545 2357 603 2389 rei
623 2355 793 2399 firmasti
810 2360 866 2403 fi·

194 2410 287 2444 dem.
337 2407 441 2443 Ordo
471 2410 540 2444 est:
580 2411 679 2458 quod
700 2413 866 2460 quiante

193 2463 298 2499 rebar
327 2474 363 2498 te
382 2478 439 2500 me
459 2478 596 2507 amare,
631 2469 665 2503 ei
683 2470 735 2504 rei
754 2470 864 2507 fidem

194 2519 354 2555 firmasti.

239 2577 273 2612 6.
310 2577 484 2614 habueris
506 2584 782 2630 praepositam]
839 2586 864 2622 ἰ.

192 2646 223 2667 e.
252 2634 512 2680 praeposueris.
534 2637 673 2675 Sallust.
694 2642 732 2676 in
753 2643 864 2678 Catil.

193 2701 223 2725 c.
246 2697 301 2731 23.
321 2692 398 2726 tale
415 2695 618 2735 periculum
639 2701 865 2740 reipublicae

190 2743 296 2782 haud
328 2751 511 2785 occultum
543 2751 692 2795 habuie,
740 2757 803 2792 ubi
829 2769 861 2792 v.

940 2017 1088 2067 interpr.
1109 2020 1188 2056 Cic.
1211 2021 1257 2056 ad
1275 2022 1405 2068 Quint.
1430 2022 1527 2060 fratr.
1546 2025 1610 2060 111‘.

939 2088 975 2123 9-
1011 2079 1104 2122 quid
1135 2092 1192 2115 me
1217 2078 1386 2116 hortaris
1418 2094 1460 2138 ιιιΙ
1491 2083 1610 2128 absol·

939 2134 1211 2174 vam,l1abeo
1243 2126 1459 2184 absblucum
1475 2142 1609 2186 suave,

942 2188 1034 2225 mihi
1067 2192 1214 2239 quidem
1236 2195 1296 2228 uti
1324 2195 1481 2234 videtur
1521 2208 1612 2240 nro<

941 2247 993 2281 ad
1017 2246 1228 2292 Caesarem;
1252 2245 1400 2286 in-Eun.
1417 2251 1463 2285 11.
1484 2261 1587 2301 392„

986 2309 1021 2343 8.
1044 2303 1272 2348 praemium]
1310 2309 1511 2352 praemium
1532 2324 1612 2357 pro-

940 2371 1021 2407 pria
1052 2370 1195 2395 fanone
1225 2366 1320 2406 poni
1348 2374 1385 2400 et
1427 2372 1616 2413 praeponi

942 2415 1086 2452 dicitur.
1115 2416 1259 2454 Sallust.
1288 2419 1327 2455 in
1356 2420 1467 2458 Catil.
1496 2438 1527 2466 ¹c.
1555 2438 1614 2462 πο.

929 2477 1102 2521 fortuna
1127 2480 1254 2512 omnia
1278 2479 1490 2518 victoribus
1506 2496 1616 2527 prae·

941 2536 1017 2570 mia
1041 2535 1176 2580 posuit.
1206 2532 1308 2580 Virg.
1336 2536 1428 2572 Aen.
1457 2539 1503 2573 V.
1530 2551 1612 2585 ²9²·

938 2594 1085 2627 invitat
1110 2594 1244 2639 pretiis
1269 2598 1416 2632 animae
1440 2607 1477 2633 et
1501 2611 1613 2642 prae·

939 2652 1016 2684 mia
1043 2651 1165 2694 ponit.
1194 2661 1226 2685 v.
1246 2650 1438 2691 Drakenb.
1466 2652 1515 2690 ad
1530 2654 1611 2701 Liv.

938 2705 1106 2746 xxm.
1126 2707 1181 2743 16.
