1708 3106
455 190 474 240 ὅ
538 165 673 212 Aer.
706 163 784 209 lv.
849 162 1020 211 Sene.
1052 164 1088 210 Ι.
1165 207 1168 210 ,
1425 168 1519 224 ¹4¹,

66 300 462 358 5Dicam‚1n0n
494 295 675 363 edepol
709 296 820 345 scio.

106 367 205 417 Sed
234 366 449 416 hostium
471 365 781 431 concrepuit.
833 361 993 412 Credo
1013 362 1172 429 ipsum
1192 365 1253 423 δ’)
1289 363 1425 412 exire
1453 362 1520 412 ad

460 439 555 480 me.
599 429 755 481 Nulla
779 431 896 479 sum.
1090 481 1095 485 ,

104 502 206 551 ΡΗ.
219 506 280 564 3²)
301 503 444 550 Uxor
459 498 550 548 ubi
568 516 647 548 me
661 498 726 548 ad
743 496 895 548 filiam
909 499 983 548 ire
1001 495 1155 557 sensit,
1187 496 1380 547 seduxit
1399 499 1463 557 33>
1480 496 1519 559 *)

455 567 619 623 foras;

106 635 272 704 Atque
292 652 468 686 eccamv
484 634 643 685 video.
693 631 830 700 Quid
850 634 925 682 ais
949 631 1248 697 Myrrhina?
1267 634 1328 694 54)
1372 635 1516 682 Heus
1579 635 1585 641 '

460 702 555 751 tibi
573 702 702 751 dico.
770 701 923 749 MYR.
957 700 1150 749 Mihine
1177 701 1295 750 vir?.

99 774 199 821 PH.
227 772 316 820 Vir
337 788 430 838 ego
452 785 573 820 tuus
594 770 711 818 sum.
733 771 798 828 35)
864 772 1017 819 Tune
1034 769 1199 819 virum
1220 787 1300 818 me
1318 783 1409 817 aut
1432 767 1516 817 ho-

458 839 643 886 minem
670 836 887 903 deputas
917 835 1046 885 adeo
1082 836 1210 885 esse?
1482 842 1486 851 “

33 928 84 956 ιο
97 908 231 957 Nam
258 905 295 955 fi
323 907 574 957 utrumvis
598 903 659 966 3⁶)
704 904 886 954 horum
912 903 1117 963 mulier,
1161 922 1395 971 unquam
1424 903 1517 952 tibi

124 986 149 1034 γ’
456 973 589 1023 visus
611 974 791 1030 forem,

98 1043 221 1092 Non
238 1039 304 1092 fic
331 1040 576 1098 ludibrio,
617 1042 718 1090 tuis
742 1040 886 1090 factis
906 1037 1114 1089 habitus
1134 1040 1289 1088 essem.
1359 1041 1515 1088 MYR.

380 1122 382 1124 ’
452 1108 688 1175 Quibus?
752 1111 852 1157 PH.
886 1116 950 1157 At
970 1109 1192 1173 rogitas?

93 1177 292 1243 Peperit
316 1175 433 1226 filia.
498 1181 627 1230 Hem
660 1179 835 1225 taces?
881 1194 944 1224 ex
975 1178 1117 1241 quo?
1150 1177 1214 1234 37)
1280 1177 1432 1223 MYR
1454 1180 1515 1236 38)

453 1245 581 1294 Istuc
604 1258 798 1310 patrem
818 1245 1037 1308 rogitare
1059 1245 1097 1301 ⁸³)
1133 1244 1202 1290 est
1223 1247 1477 1308 aequum?

99 1312 243 1360 Perii.
276 1310 351 1358 Ex
372 1329 478 1377 quo
502 1314 693 1369 censes,
718 1314 780 1369 39)
815 1309 902 1357 nifi
928 1328 990 1358 ex
1008 1308 1094 1357 illo
1112 1313 1174 1370 4⁰)
1197 1312 1282 1358 cui
1304 1310 1423 1358 data
1446 1311 1515 1359 est

456 1391 673 1444 nuptum
698 1381 760 1439 4¹)
796 1376 1037 1425 obsecro?

100 1449 200 1494 PH.
224 1443 407 1503 Credo,
444 1463 613 1511 neque
644 1445 771 1494 adeo
789 1446 862 1502 4²).
897 1442 1131 1491 arbitrari
1149 1444 1307 1507 patris
1328 1444 1398 1492 est
1429 1443 1513 1492 ali-

456 1526 543 1560 ter.
570 1517 633 1571 43)
701 1511 798 1560 Sed
832 1511 1050 1559 demiror

31 1591 83 1632 15
98 1579 235 1648 Quid
262 1578 318 1628 fit
344 1579 677 1646 quamobrem
708 1593 973 1645 tantopere
1000 1576 1100 1627 hoc
1123 1579 1164 1636 *)
1208 1594 1384 1626 omnes
1413 1595 1510 1626 nos

455 1647 618 1696 celare
638 1646 859 1696 volueris
1502 1685 1507 1690 .

101 1720 331 1774 Panum,
371 1716 655 1782 praesertim
687 1733 803 1764 cum
836 1728 887 1762 et
915 1726 1051 1763 recte
1087 1724 1138 1760 et
1166 1725 1392 1778 tempore
1425 1712 1513 1760 suo

455 1783 724 1849 pepererit.

100 1850 276 1901 Adeon
293 1851 355 1912 44)
376 1852 629 1917 pervicaci
648 1852 712 1910 45)
749 1850 841 1899 esse
862 1850 1043 1907 animo,
1064 1862 1119 1898 ut
1135 1865 1352 1916 puerum
1375 1865 1515 1913 prae-

456 1934 664 1985 optares
684 1935 872 1984 per1re;

158 2040 224 2086 3¹)
244 2038 471 2086 Phidippum
518 2042 577 2081 32)
594 2037 714 2074 secum
760 2041 825 2084 33)
847 2037 981 2074 seceffit
1024 2037 1060 2081 ³)
1086 2037 1178 2071 edit.
1198 2034 1233 2069 [ε
1252 2033 1358 2069 duxit
1403 2036 1468 2078 34)
1491 2047 1515 2068 ο

202 2095 391 2142 Myrrhina
438 2096 502 2140 35)
537 2094 619 2129 vel?
662 2098 754 2132 edic.
790 2095 973 2140 in'terrog.
1029 2093 1089 2134 36)
1128 2101 1189 2125 aut
1221 2092 1274 2125 vir
1308 2101 1370 2125 aut
1400 2091 1516 2124 homo

203 2154 270 2197 37)
296 2152 436 2199 peperit
472 2153 537 2196 33)
557 2150 743 2185 irascendo
775 2151 812 2196 ')
830 2154 920 2187 edit.
941 2161 1063 2195 rogare
1110 2150 1174 2194 39)
1190 2157 1296 2194 putas
1326 2147 1427 2181 illam
1458 2159 1518 2192 pe·

203 2205 332 2254 perisse
377 2209 446 2252 4ο)
469 2207 662 2256 Pamphilo
708 2208 774 2253 4ι)
801 2207 847 2241 ad
875 2205 1087 2241 nubendum
1134 2205 1200 2249 4²)
1225 2214 1320 2238 certe
1364 2208 1425 2247 43)
1449 2202 1517 2239 nifi

206 2262 363 2310 benigne
386 2265 424 2309 ⁹)
442 2265 532 2301 edit.
550 2275 586 2300 et
600 2267 720 2302 Bencl.
737 2279 808 2300 om.
829 2262 903 2298 hoc
933 2262 999 2306 44)
1017 2260 1172 2295 debuisti
1199 2265 1260 2305 45)
1278 2260 1469 2308 pertinaci.

150 2417 184 2451 9.
208 2408 296 2451 vir]
357 2421 422 2455 pro
451 2402 581 2445 marito
610 2410 772 2456 ponitur.
850 2421 931 2442 cum
950 2418 1091 2454 partum
1108 2407 1262 2444 ediderit
1274 2401 1422 2447 rectum,
1442 2419 1519 2454 per-

102 2461 246 2496 Sallust.
269 2464 379 2498 Catil.
408 2479 438 2502 c.
457 2470 514 2509 '25-
535 2469 666 2503 mulier
686 2468 772 2502 vir-o
850 2464 1003 2503 fectum,
1029 2478 1103 2500 non
1128 2464 1377 2501 monstrosum.

102 2529 140 2553 et
165 2519 293 2554 liberis
306 2523 404 2565 finis
425 2524 629 2566 fortunata
653 2523 714 2557 ubi
742 2536 773 2557 v.
900 2535 952 2566 ¹7·
987 2535 1230 2567 praeoptares
1254 2521 1405 2566 pocius]
1455 2532 1519 2566 po·

105 2573 206 2610 cort.
250 2573 311 2608 Sic
338 2579 468 2612 mulier
496 2591 561 2624 pro
582 2574 691 2613 uxore
707 2580 774 2613 La·
850 2589 939 2613 terat
958 2580 1078 2613 omitti
1095 2577 1307 2625 pocius,fed
1327 2577 1431 2624 saepe
1449 2576 1520 2610 elo-

105 2639 217 2663 ctant.
249 2633 277 2664 1.
313 2643 364 2674 ¹7-
390 2636 504 2680 virgo
522 2637 608 2678 fuit
639 2640 772 2681 primo,
849 2645 974 2679 ganter
1003 2634 1175 2670 abundat.
1209 2635 1291 2670 Cic.
1327 2634 1366 2668 iu
1397 2626 1519 2667 pilon.

105 2688 229 2730 postea
250 2689 390 2721 mulier.
851 2703 880 2724 c.
904 2703 939 2733 7.
959 2690 1004 2725 ad
1017 2691 1097 2724 Div.
1111 2691 1192 2726 XV.
1210 2699 1242 2732 5.
1255 2693 1374 2737 casim
1392 2690 1518 2742 potia,

154 2742 207 2776 16.
242 2755 322 2778 cum
340 2755 437 2781 recte
454 2749 653 2791 pepererit]
683 2745 720 2780 h.
741 2759 771 2783 e.
850 2760 958 2794 quam
976 2759 1012 2783 ce
1032 2748 1190 2785 laudare
1207 2751 1343 2785 mavis.
