<?xml version="1.0" encoding="UTF-8"?>
<!DOCTYPE html PUBLIC "-//W3C//DTD XHTML 1.0 Transitional//EN"
    "http://www.w3.org/TR/xhtml1/DTD/xhtml1-transitional.dtd">
<html xmlns="http://www.w3.org/1999/xhtml" xml:lang="en" lang="en">
 <head>
  <title>
</title>
<meta http-equiv="Content-Type" content="text/html;charset=utf-8" />
  <meta name='ocr-system' content='tesseract 3.04.00' />
  <meta name='ocr-capabilities' content='ocr_page ocr_carea ocr_par ocr_line ocrx_word'/>
</head>
<body>
  <div class='ocr_page' id='page_1' title='image "./comoediaesex02tereuoft_0112.png"; bbox 0 0 1664 3100; ppageno 0'>
   <div class='ocr_carea' id='block_1_1' title="bbox 120 143 998 206">
    <p class='ocr_par' dir='ltr' id='par_1_1' title="bbox 120 143 998 206">
     <span class='ocr_line' id='line_1_1' title="bbox 120 143 998 206; baseline -0.001 -9"><span class='ocrx_word' id='word_1_1' title='bbox 120 150 230 206; x_wconf 72' lang='lat'><strong>104¹·</strong></span> <span class='ocrx_word' id='word_1_2' title='bbox 670 143 998 196; x_wconf 79' lang='lat' dir='ltr'><strong>HECYRA.</strong></span> 
     </span>
    </p>
   </div>
   <div class='ocr_carea' id='block_1_2' title="bbox 123 275 1550 550">
    <p class='ocr_par' dir='ltr' id='par_1_2' title="bbox 124 275 1548 399">
     <span class='ocr_line' id='line_1_2' title="bbox 124 275 1548 386; baseline 0.003 -56"><span class='ocrx_word' id='word_1_3' title='bbox 124 286 228 330; x_wconf 88' lang='lat' dir='ltr'>Aut</span> <span class='ocrx_word' id='word_1_4' title='bbox 252 282 317 342; x_wconf 89' lang='lat'>77)</span> <span class='ocrx_word' id='word_1_5' title='bbox 349 296 456 348; x_wconf 87' lang='lat' dir='ltr'>qua</span> <span class='ocrx_word' id='word_1_6' title='bbox 481 280 564 333; x_wconf 87' lang='lat' dir='ltr'>via</span> <span class='ocrx_word' id='word_1_7' title='bbox 581 281 643 386; x_wconf 57' lang='grc' dir='ltr'>Ῡξ)</span> <span class='ocrx_word' id='word_1_8' title='bbox 688 294 740 332; x_wconf 87' lang='lat' dir='ltr'>te</span> <span class='ocrx_word' id='word_1_9' title='bbox 768 294 978 351; x_wconf 88' lang='lat' dir='ltr'><strong>captent</strong></span> <span class='ocrx_word' id='word_1_10' title='bbox 1003 279 1089 342; x_wconf 84' lang='lat' dir='ltr'>illi,</span> <span class='ocrx_word' id='word_1_11' title='bbox 1120 283 1160 345; x_wconf 65' lang='lat'>⁸)</span> <span class='ocrx_word' id='word_1_12' title='bbox 1207 280 1383 333; x_wconf 83' lang='lat' dir='ltr'>eadem</span> <span class='ocrx_word' id='word_1_13' title='bbox 1412 275 1548 350; x_wconf 80' lang='lat' dir='ltr'>ipsos</span> 
     </span>
     <span class='ocr_line' id='line_1_3' title="bbox 513 367 622 399; baseline 0.018 -2"><span class='ocrx_word' id='word_1_14' title='bbox 513 367 542 397; x_wconf 85' lang='lat' dir='ltr'>a</span> <span class='ocrx_word' id='word_1_15' title='bbox 611 389 622 399; x_wconf 89' lang='lat'>.</span> 
     </span>
    </p>

    <p class='ocr_par' dir='ltr' id='par_1_3' title="bbox 123 367 1367 477">
     <span class='ocr_line' id='line_1_4' title="bbox 123 367 1367 477; baseline 0.002 -13"><span class='ocrx_word' id='word_1_16' title='bbox 123 415 268 467; x_wconf 90' lang='lat' dir='ltr'>Eheu</span> <span class='ocrx_word' id='word_1_17' title='bbox 290 434 370 466; x_wconf 88' lang='lat' dir='ltr'>me</span> <span class='ocrx_word' id='word_1_18' title='bbox 388 367 636 477; x_wconf 44' lang='lat' dir='ltr'>misgraijri„</span> <span class='ocrx_word' id='word_1_19' title='bbox 671 435 765 468; x_wconf 90' lang='lat' dir='ltr'>cur</span> <span class='ocrx_word' id='word_1_20' title='bbox 790 435 893 467; x_wconf 88' lang='lat' dir='ltr'>non</span> <span class='ocrx_word' id='word_1_21' title='bbox 917 429 1008 466; x_wconf 86' lang='lat' dir='ltr'>aut</span> <span class='ocrx_word' id='word_1_22' title='bbox 1031 417 1180 467; x_wconf 83' lang='lat' dir='ltr'>istaec</span> <span class='ocrx_word' id='word_1_23' title='bbox 1209 416 1333 467; x_wconf 85' lang='lat' dir='ltr'>mihi</span> <span class='ocrx_word' id='word_1_24' title='bbox 1363 414 1367 418; x_wconf 71' lang='grc'><strong><em>’</em></strong></span> 
     </span>
    </p>

    <p class='ocr_par' dir='ltr' id='par_1_4' title="bbox 126 483 1550 550">
     <span class='ocr_line' id='line_1_5' title="bbox 126 483 1550 550; baseline -0.001 -16"><span class='ocrx_word' id='word_1_25' title='bbox 126 492 279 535; x_wconf 86' lang='lat' dir='ltr'>Aetas</span> <span class='ocrx_word' id='word_1_26' title='bbox 292 523 304 544; x_wconf 92' lang='lat'>,</span> <span class='ocrx_word' id='word_1_27' title='bbox 337 499 389 534; x_wconf 89' lang='lat' dir='ltr'>et</span> <span class='ocrx_word' id='word_1_28' title='bbox 409 484 572 537; x_wconf 83' lang='lat' dir='ltr'>forma</span> <span class='ocrx_word' id='word_1_29' title='bbox 598 487 681 546; x_wconf 85' lang='lat' dir='ltr'>est,</span> <span class='ocrx_word' id='word_1_30' title='bbox 699 495 761 550; x_wconf 87' lang='lat'>79)</span> <span class='ocrx_word' id='word_1_31' title='bbox 799 499 891 536; x_wconf 89' lang='lat' dir='ltr'>aut</span> <span class='ocrx_word' id='word_1_32' title='bbox 910 483 1003 534; x_wconf 86' lang='lat' dir='ltr'>tibi</span> <span class='ocrx_word' id='word_1_33' title='bbox 1032 483 1158 535; x_wconf 85' lang='lat' dir='ltr'>haec</span> <span class='ocrx_word' id='word_1_34' title='bbox 1179 485 1460 535; x_wconf 79' lang='lat' dir='ltr'>sententia?</span> <span class='ocrx_word' id='word_1_35' title='bbox 1479 485 1550 545; x_wconf 78' lang='lat'>8⁰)</span> 
     </span>
    </p>
   </div>
   <div class='ocr_carea' id='block_1_3' title="bbox 124 616 1553 760">
    <p class='ocr_par' dir='ltr' id='par_1_5' title="bbox 124 616 1553 760">
     <span class='ocr_line' id='line_1_6' title="bbox 124 616 1553 760; baseline 0 -80"><span class='ocrx_word' id='word_1_36' title='bbox 124 634 353 692; x_wconf 62' lang='lat' dir='ltr'>(Acrus</span> <span class='ocrx_word' id='word_1_37' title='bbox 400 636 435 680; x_wconf 90' lang='lat'>1.</span> <span class='ocrx_word' id='word_1_38' title='bbox 501 633 701 683; x_wconf 51' lang='lat' dir='ltr'>scm-A</span> <span class='ocrx_word' id='word_1_39' title='bbox 740 616 1200 760; x_wconf 45' lang='grc' dir='ltr'>ἑῐῨΒξῒΒΜΕΝο.</span> <span class='ocrx_word' id='word_1_40' title='bbox 1239 628 1553 680; x_wconf 61' lang='lat' dir='ltr'>numus.</span> 
     </span>
    </p>
   </div>
   <div class='ocr_carea' id='block_1_4' title="bbox 84 808 1564 1560">
    <p class='ocr_par' dir='ltr' id='par_1_6' title="bbox 127 808 1564 941">
     <span class='ocr_line' id='line_1_7' title="bbox 127 808 1564 878; baseline 0.001 -19"><span class='ocrx_word' id='word_1_41' title='bbox 127 810 448 864; x_wconf 89' lang='lat' dir='ltr'><strong>PARMENO</strong></span> <span class='ocrx_word' id='word_1_42' title='bbox 481 812 732 864; x_wconf 89' lang='lat' dir='ltr'><strong>SERVUS.</strong></span> <span class='ocrx_word' id='word_1_43' title='bbox 761 817 823 875; x_wconf 86' lang='lat'>8¹)</span> <span class='ocrx_word' id='word_1_44' title='bbox 863 815 1024 863; x_wconf 86' lang='lat' dir='ltr'>Senex</span> <span class='ocrx_word' id='word_1_45' title='bbox 1043 816 1104 876; x_wconf 85' lang='lat'>8²)</span> <span class='ocrx_word' id='word_1_46' title='bbox 1151 808 1186 861; x_wconf 83' lang='lat' dir='ltr'><strong>fi</strong></span> <span class='ocrx_word' id='word_1_47' title='bbox 1208 823 1422 878; x_wconf 86' lang='lat' dir='ltr'>quaeret</span> <span class='ocrx_word' id='word_1_48' title='bbox 1455 827 1564 870; x_wconf 23' lang='lat' dir='ltr'>me,-</span> 
     </span>
     <span class='ocr_line' id='line_1_8' title="bbox 450 880 1016 941; baseline 0.002 -12"><span class='ocrx_word' id='word_1_49' title='bbox 450 885 454 889; x_wconf 87' lang='grc'><strong>’</strong></span> <span class='ocrx_word' id='word_1_50' title='bbox 489 880 641 931; x_wconf 85' lang='lat' dir='ltr'>modo</span> <span class='ocrx_word' id='word_1_51' title='bbox 662 883 744 930; x_wconf 83' lang='lat' dir='ltr'>isse</span> <span class='ocrx_word' id='word_1_52' title='bbox 777 880 930 931; x_wconf 89' lang='lat' dir='ltr'>dicito</span> <span class='ocrx_word' id='word_1_53' title='bbox 953 883 1016 941; x_wconf 80' lang='lat'>83)</span> 
     </span>
    </p>

    <p class='ocr_par' dir='ltr' id='par_1_7' title="bbox 127 943 1564 1015">
     <span class='ocr_line' id='line_1_9' title="bbox 127 943 1564 1015; baseline -0.001 -20"><span class='ocrx_word' id='word_1_54' title='bbox 127 946 205 995; x_wconf 85' lang='lat' dir='ltr'>Ad</span> <span class='ocrx_word' id='word_1_55' title='bbox 237 962 465 1013; x_wconf 81' lang='lat' dir='ltr'>portum,</span> <span class='ocrx_word' id='word_1_56' title='bbox 506 963 862 1015; x_wconf 85' lang='lat' dir='ltr'>percontatum</span> <span class='ocrx_word' id='word_1_57' title='bbox 885 950 946 1007; x_wconf 82' lang='grc'>84)</span> <span class='ocrx_word' id='word_1_58' title='bbox 985 948 1260 998; x_wconf 87' lang='lat' dir='ltr'>adventurn</span> <span class='ocrx_word' id='word_1_59' title='bbox 1287 943 1564 1012; x_wconf 59' lang='lat' dir='ltr'>Pamphili„</span> 
     </span>
    </p>

    <p class='ocr_par' dir='ltr' id='par_1_8' title="bbox 128 1015 1551 1147">
     <span class='ocr_line' id='line_1_10' title="bbox 128 1015 1551 1085; baseline 0.001 -22"><span class='ocrx_word' id='word_1_60' title='bbox 128 1015 297 1064; x_wconf 89' lang='lat' dir='ltr'>Audin</span> <span class='ocrx_word' id='word_1_61' title='bbox 317 1016 442 1083; x_wconf 84' lang='lat' dir='ltr'>quid</span> <span class='ocrx_word' id='word_1_62' title='bbox 467 1015 631 1066; x_wconf 79' lang='lat' dir='ltr'>dicam</span> <span class='ocrx_word' id='word_1_63' title='bbox 651 1020 829 1082; x_wconf 85' lang='lat' dir='ltr'>Syrte?</span> <span class='ocrx_word' id='word_1_64' title='bbox 849 1021 913 1079; x_wconf 83' lang='lat'>85)</span> <span class='ocrx_word' id='word_1_65' title='bbox 932 1017 969 1078; x_wconf 87' lang='lat'>*)</span> <span class='ocrx_word' id='word_1_66' title='bbox 1034 1015 1088 1065; x_wconf 90' lang='lat' dir='ltr'>Si</span> <span class='ocrx_word' id='word_1_67' title='bbox 1118 1029 1331 1085; x_wconf 86' lang='lat' dir='ltr'>quaeret</span> <span class='ocrx_word' id='word_1_68' title='bbox 1357 1020 1459 1074; x_wconf 62' lang='lat' dir='ltr'>mh,</span> <span class='ocrx_word' id='word_1_69' title='bbox 1492 1028 1551 1066; x_wconf 82' lang='lat' dir='ltr'>ut</span> 
     </span>
     <span class='ocr_line' id='line_1_11' title="bbox 483 1083 755 1147; baseline 0 -14"><span class='ocrx_word' id='word_1_70' title='bbox 483 1083 694 1144; x_wconf 70' lang='lat' dir='ltr'>itumass)</span> <span class='ocrx_word' id='word_1_71' title='bbox 715 1084 755 1147; x_wconf 88' lang='lat'>*)</span> 
     </span>
    </p>

    <p class='ocr_par' dir='ltr' id='par_1_9' title="bbox 129 1149 1276 1216">
     <span class='ocr_line' id='line_1_12' title="bbox 129 1149 1276 1216; baseline -0.001 -18"><span class='ocrx_word' id='word_1_72' title='bbox 129 1151 297 1200; x_wconf 84' lang='lat' dir='ltr'>Dicas.</span> <span class='ocrx_word' id='word_1_73' title='bbox 337 1152 512 1202; x_wconf 88' lang='lat' dir='ltr'>Sinon</span> <span class='ocrx_word' id='word_1_74' title='bbox 532 1167 755 1216; x_wconf 87' lang='lat' dir='ltr'>quaeret,</span> <span class='ocrx_word' id='word_1_75' title='bbox 784 1153 957 1202; x_wconf 81' lang='lat' dir='ltr'>nullus</span> <span class='ocrx_word' id='word_1_76' title='bbox 980 1155 1042 1212; x_wconf 88' lang='grc'>87)</span> <span class='ocrx_word' id='word_1_77' title='bbox 1077 1149 1276 1200; x_wconf 82' lang='lat' dir='ltr'>dixeris.</span> 
     </span>
    </p>

    <p class='ocr_par' dir='ltr' id='par_1_10' title="bbox 84 1218 1243 1284">
     <span class='ocr_line' id='line_1_13' title="bbox 84 1218 1243 1284; baseline -0.002 -17"><span class='ocrx_word' id='word_1_78' title='bbox 84 1228 111 1267; x_wconf 88' lang='lat'><em>5</em></span> <span class='ocrx_word' id='word_1_79' title='bbox 128 1218 263 1266; x_wconf 79' lang='lat' dir='ltr'>Alias</span> <span class='ocrx_word' id='word_1_80' title='bbox 283 1224 344 1275; x_wconf 85' lang='lat'>88)</span> <span class='ocrx_word' id='word_1_81' title='bbox 382 1233 440 1268; x_wconf 90' lang='lat' dir='ltr'>ut</span> <span class='ocrx_word' id='word_1_82' title='bbox 468 1220 540 1268; x_wconf 89' lang='lat' dir='ltr'>uti</span> <span class='ocrx_word' id='word_1_83' title='bbox 559 1219 730 1284; x_wconf 77' lang='lat' dir='ltr'>possim</span> <span class='ocrx_word' id='word_1_84' title='bbox 754 1223 903 1270; x_wconf 78' lang='lat' dir='ltr'>causa</span> <span class='ocrx_word' id='word_1_85' title='bbox 922 1221 1018 1268; x_wconf 79' lang='lat' dir='ltr'>hae</span> <span class='ocrx_word' id='word_1_86' title='bbox 1038 1219 1243 1284; x_wconf 81' lang='lat' dir='ltr'>integra.</span> 
     </span>
    </p>

    <p class='ocr_par' dir='ltr' id='par_1_11' title="bbox 132 1281 1552 1353">
     <span class='ocr_line' id='line_1_14' title="bbox 132 1281 1552 1353; baseline -0.003 -18"><span class='ocrx_word' id='word_1_87' title='bbox 132 1285 231 1335; x_wconf 90' lang='lat' dir='ltr'>Sed</span> <span class='ocrx_word' id='word_1_88' title='bbox 252 1286 438 1342; x_wconf 86' lang='lat' dir='ltr'>videon</span> <span class='ocrx_word' id='word_1_89' title='bbox 459 1305 551 1353; x_wconf 85' lang='lat' dir='ltr'>ego</span> <span class='ocrx_word' id='word_1_90' title='bbox 568 1287 879 1336; x_wconf 74' lang='lat' dir='ltr'>Philotium?</span> <span class='ocrx_word' id='word_1_91' title='bbox 904 1293 965 1349; x_wconf 90' lang='lat'>89)</span> <span class='ocrx_word' id='word_1_92' title='bbox 1000 1285 1144 1336; x_wconf 87' lang='lat' dir='ltr'>Unde</span> <span class='ocrx_word' id='word_1_93' title='bbox 1166 1284 1291 1334; x_wconf 85' lang='lat' dir='ltr'>haec</span> <span class='ocrx_word' id='word_1_94' title='bbox 1316 1281 1552 1334; x_wconf 82' lang='lat' dir='ltr'>advenit?</span> 
     </span>
    </p>

    <p class='ocr_par' dir='ltr' id='par_1_12' title="bbox 126 1352 1562 1413">
     <span class='ocr_line' id='line_1_15' title="bbox 126 1352 1562 1413; baseline -0.001 -11"><span class='ocrx_word' id='word_1_95' title='bbox 126 1352 338 1403; x_wconf 87' lang='lat' dir='ltr'>Philotis</span> <span class='ocrx_word' id='word_1_96' title='bbox 361 1358 422 1413; x_wconf 86' lang='lat'>9⁰)</span> <span class='ocrx_word' id='word_1_97' title='bbox 456 1354 586 1405; x_wconf 84' lang='lat' dir='ltr'>salve</span> <span class='ocrx_word' id='word_1_98' title='bbox 616 1355 845 1405; x_wconf 88' lang='lat' dir='ltr'>multum.</span> <span class='ocrx_word' id='word_1_99' title='bbox 910 1359 1030 1404; x_wconf 91' lang='lat' dir='ltr'>PHI.</span> <span class='ocrx_word' id='word_1_100' title='bbox 1065 1356 1108 1403; x_wconf 90' lang='grc' dir='ltr'>Ο</span> <span class='ocrx_word' id='word_1_101' title='bbox 1138 1352 1266 1403; x_wconf 80' lang='lat' dir='ltr'>salve</span> <span class='ocrx_word' id='word_1_102' title='bbox 1294 1355 1562 1401; x_wconf 29' lang='lat' dir='ltr'>Parmeno*</span> 
     </span>
    </p>

    <p class='ocr_par' dir='ltr' id='par_1_13' title="bbox 130 1419 1554 1560">
     <span class='ocr_line' id='line_1_16' title="bbox 130 1419 1554 1486; baseline 0.001 -16"><span class='ocrx_word' id='word_1_103' title='bbox 130 1421 220 1470; x_wconf 87' lang='lat' dir='ltr'>SY.</span> <span class='ocrx_word' id='word_1_104' title='bbox 256 1421 401 1473; x_wconf 84' lang='lat' dir='ltr'>Salve</span> <span class='ocrx_word' id='word_1_105' title='bbox 432 1440 512 1472; x_wconf 89' lang='lat' dir='ltr'>me</span> <span class='ocrx_word' id='word_1_106' title='bbox 539 1424 701 1472; x_wconf 89' lang='lat' dir='ltr'>castor</span> <span class='ocrx_word' id='word_1_107' title='bbox 720 1429 781 1486; x_wconf 81' lang='lat'>91)</span> <span class='ocrx_word' id='word_1_108' title='bbox 818 1427 1076 1473; x_wconf 82' lang='lat' dir='ltr'>Parmeno.</span> <span class='ocrx_word' id='word_1_109' title='bbox 1103 1429 1167 1483; x_wconf 85' lang='lat'>9²)</span> <span class='ocrx_word' id='word_1_110' title='bbox 1234 1421 1368 1469; x_wconf 82' lang='lat' dir='ltr'>PAR.</span> <span class='ocrx_word' id='word_1_111' title='bbox 1401 1419 1468 1470; x_wconf 88' lang='lat' dir='ltr'>Et</span> <span class='ocrx_word' id='word_1_112' title='bbox 1494 1431 1554 1470; x_wconf 87' lang='lat' dir='ltr'>tu</span> 
     </span>
     <span class='ocr_line' id='line_1_17' title="bbox 489 1490 830 1560; baseline 0.006 -20"><span class='ocrx_word' id='word_1_113' title='bbox 489 1490 669 1560; x_wconf 90' lang='lat' dir='ltr'>edepol</span> <span class='ocrx_word' id='word_1_114' title='bbox 693 1494 830 1558; x_wconf 84' lang='lat' dir='ltr'>Syra.</span> 
     </span>
    </p>
   </div>
   <div class='ocr_carea' id='block_1_5' title="bbox 188 1621 1555 1728">
    <p class='ocr_par' dir='ltr' id='par_1_14' title="bbox 188 1621 1555 1728">
     <span class='ocr_line' id='line_1_18' title="bbox 188 1621 1555 1671; baseline 0.001 -13"><span class='ocrx_word' id='word_1_115' title='bbox 188 1625 251 1671; x_wconf 91' lang='lat'>77)</span> <span class='ocrx_word' id='word_1_116' title='bbox 275 1622 451 1658; x_wconf 83' lang='lat' dir='ltr'>iniurium</span> <span class='ocrx_word' id='word_1_117' title='bbox 479 1623 530 1659; x_wconf 86' lang='lat' dir='ltr'>est</span> <span class='ocrx_word' id='word_1_118' title='bbox 577 1624 642 1669; x_wconf 82' lang='lat'>78)</span> <span class='ocrx_word' id='word_1_119' title='bbox 671 1623 758 1659; x_wconf 91' lang='lat' dir='ltr'>dolo</span> <span class='ocrx_word' id='word_1_120' title='bbox 824 1624 858 1670; x_wconf 71' lang='lat'>⁴¹)</span> <span class='ocrx_word' id='word_1_121' title='bbox 886 1626 978 1661; x_wconf 78' lang='lat' dir='ltr'>edic.</span> <span class='ocrx_word' id='word_1_122' title='bbox 1009 1626 1131 1660; x_wconf 78' lang='lat' dir='ltr'>omitt.</span> <span class='ocrx_word' id='word_1_123' title='bbox 1162 1621 1218 1657; x_wconf 85' lang='lat' dir='ltr'>illi</span> <span class='ocrx_word' id='word_1_124' title='bbox 1245 1622 1400 1666; x_wconf 80' lang='lat' dir='ltr'>improb.</span> <span class='ocrx_word' id='word_1_125' title='bbox 1432 1623 1555 1660; x_wconf 75' lang='lat' dir='ltr'>Bentl-</span> 
     </span>
     <span class='ocr_line' id='line_1_19' title="bbox 235 1678 1554 1728; baseline 0.002 -12"><span class='ocrx_word' id='word_1_126' title='bbox 235 1682 299 1726; x_wconf 85' lang='lat'>79)</span> <span class='ocrx_word' id='word_1_127' title='bbox 326 1691 418 1728; x_wconf 76' lang='lat' dir='ltr'>quae</span> <span class='ocrx_word' id='word_1_128' title='bbox 445 1681 512 1716; x_wconf 82' lang='lat' dir='ltr'>tibi</span> <span class='ocrx_word' id='word_1_129' title='bbox 559 1681 626 1727; x_wconf 78' lang='lat'>80)</span> <span class='ocrx_word' id='word_1_130' title='bbox 659 1680 826 1716; x_wconf 71' lang='lat' dir='ltr'>voluntas</span> <span class='ocrx_word' id='word_1_131' title='bbox 847 1693 940 1728; x_wconf 83' lang='lat' dir='ltr'>quae</span> <span class='ocrx_word' id='word_1_132' title='bbox 970 1680 1074 1715; x_wconf 85' lang='lat' dir='ltr'>mihi.</span> <span class='ocrx_word' id='word_1_133' title='bbox 1099 1679 1199 1728; x_wconf 89' lang='lat' dir='ltr'>quod</span> <span class='ocrx_word' id='word_1_134' title='bbox 1216 1678 1244 1714; x_wconf 85' lang='lat' dir='ltr'><strong>fi</strong></span> <span class='ocrx_word' id='word_1_135' title='bbox 1263 1678 1347 1714; x_wconf 79' lang='lat' dir='ltr'>effet</span> <span class='ocrx_word' id='word_1_136' title='bbox 1377 1682 1554 1718; x_wconf 73' lang='lat' dir='ltr'>cruciare·</span> 
     </span>
    </p>
   </div>
   <div class='ocr_carea' id='block_1_6' title="bbox 234 1735 1627 1786">
    <p class='ocr_par' dir='ltr' id='par_1_15' title="bbox 234 1735 1627 1786">
     <span class='ocr_line' id='line_1_20' title="bbox 234 1735 1627 1786; baseline 0.002 -14"><span class='ocrx_word' id='word_1_137' title='bbox 234 1748 317 1772; x_wconf 71' lang='lat' dir='ltr'>tuoe</span> <span class='ocrx_word' id='word_1_138' title='bbox 339 1748 517 1773; x_wconf 77' lang='lat' dir='ltr'>amatores</span> <span class='ocrx_word' id='word_1_139' title='bbox 565 1741 625 1779; x_wconf 82' lang='lat'>8¹)</span> <span class='ocrx_word' id='word_1_140' title='bbox 650 1737 861 1786; x_wconf 71' lang='lat' dir='ltr'>Pamphilus</span> <span class='ocrx_word' id='word_1_141' title='bbox 885 1747 981 1772; x_wconf 82' lang='lat' dir='ltr'>certa</span> <span class='ocrx_word' id='word_1_142' title='bbox 1008 1735 1111 1771; x_wconf 74' lang='lat' dir='ltr'>causa</span> <span class='ocrx_word' id='word_1_143' title='bbox 1140 1737 1231 1771; x_wconf 81' lang='lat' dir='ltr'>ierat</span> <span class='ocrx_word' id='word_1_144' title='bbox 1266 1735 1359 1771; x_wconf 74' lang='lat' dir='ltr'>ultra</span> <span class='ocrx_word' id='word_1_145' title='bbox 1393 1749 1491 1773; x_wconf 76' lang='lat' dir='ltr'>mare</span> <span class='ocrx_word' id='word_1_146' title='bbox 1519 1749 1556 1775; x_wconf 74' lang='lat' dir='ltr'>et</span> <span class='ocrx_word' id='word_1_147' title='bbox 1621 1754 1627 1761; x_wconf 89' lang='lat'><strong>·</strong></span> 
     </span>
    </p>
   </div>
   <div class='ocr_carea' id='block_1_7' title="bbox 231 1791 1554 2069">
    <p class='ocr_par' dir='ltr' id='par_1_16' title="bbox 231 1791 1554 2069">
     <span class='ocr_line' id='line_1_21' title="bbox 231 1791 1554 1840; baseline 0 -11"><span class='ocrx_word' id='word_1_148' title='bbox 231 1793 440 1840; x_wconf 68' lang='lat' dir='ltr'>sperabatur</span> <span class='ocrx_word' id='word_1_149' title='bbox 465 1794 538 1828; x_wconf 76' lang='lat' dir='ltr'>iarn</span> <span class='ocrx_word' id='word_1_150' title='bbox 559 1793 706 1832; x_wconf 80' lang='lat' dir='ltr'>reverti.</span> <span class='ocrx_word' id='word_1_151' title='bbox 742 1793 840 1828; x_wconf 87' lang='lat' dir='ltr'>unde</span> <span class='ocrx_word' id='word_1_152' title='bbox 865 1796 1041 1828; x_wconf 76' lang='lat' dir='ltr'>Parmeno</span> <span class='ocrx_word' id='word_1_153' title='bbox 1073 1794 1102 1828; x_wconf 91' lang='lat' dir='ltr'>it</span> <span class='ocrx_word' id='word_1_154' title='bbox 1121 1791 1409 1832; x_wconf 71' lang='lat' dir='ltr'>consideratum,</span> <span class='ocrx_word' id='word_1_155' title='bbox 1435 1793 1463 1828; x_wconf 84' lang='lat' dir='ltr'>fi</span> <span class='ocrx_word' id='word_1_156' title='bbox 1480 1794 1554 1829; x_wconf 82' lang='lat' dir='ltr'>iam</span> 
     </span>
     <span class='ocr_line' id='line_1_22' title="bbox 234 1849 1554 1894; baseline 0.002 -11"><span class='ocrx_word' id='word_1_157' title='bbox 234 1850 357 1885; x_wconf 84' lang='lat' dir='ltr'>veniat</span> <span class='ocrx_word' id='word_1_158' title='bbox 400 1854 461 1892; x_wconf 81' lang='lat'>8²)</span> <span class='ocrx_word' id='word_1_159' title='bbox 496 1849 638 1885; x_wconf 69' lang='lat' dir='ltr'>Laches</span> <span class='ocrx_word' id='word_1_160' title='bbox 684 1850 750 1894; x_wconf 83' lang='lat'>83)</span> <span class='ocrx_word' id='word_1_161' title='bbox 774 1862 796 1884; x_wconf 92' lang='grc' dir='ltr'><strong>ο</strong></span> <span class='ocrx_word' id='word_1_162' title='bbox 815 1850 908 1885; x_wconf 76' lang='lat' dir='ltr'>Sine</span> <span class='ocrx_word' id='word_1_163' title='bbox 925 1863 982 1883; x_wconf 88' lang='lat' dir='ltr'>me</span> <span class='ocrx_word' id='word_1_164' title='bbox 1038 1853 1098 1894; x_wconf 82' lang='grc'>34)</span> <span class='ocrx_word' id='word_1_165' title='bbox 1124 1849 1176 1883; x_wconf 86' lang='lat' dir='ltr'>iri&#39;</span> <span class='ocrx_word' id='word_1_166' title='bbox 1221 1850 1287 1893; x_wconf 81' lang='lat'>85)</span> <span class='ocrx_word' id='word_1_167' title='bbox 1310 1861 1445 1885; x_wconf 86' lang='lat' dir='ltr'>nomen</span> <span class='ocrx_word' id='word_1_168' title='bbox 1465 1849 1554 1886; x_wconf 80' lang='lat' dir='ltr'>servi</span> 
     </span>
     <span class='ocr_line' id='line_1_23' title="bbox 234 1905 1553 1953; baseline 0.001 -12"><span class='ocrx_word' id='word_1_169' title='bbox 234 1907 264 1946; x_wconf 76' lang='lat'>⁴¹)</span> <span class='ocrx_word' id='word_1_170' title='bbox 288 1908 382 1942; x_wconf 79' lang='lat' dir='ltr'>edic.</span> <span class='ocrx_word' id='word_1_171' title='bbox 409 1905 524 1942; x_wconf 77' lang='lat' dir='ltr'>Scine</span> <span class='ocrx_word' id='word_1_172' title='bbox 551 1907 657 1951; x_wconf 80' lang='lat' dir='ltr'>prob.</span> <span class='ocrx_word' id='word_1_173' title='bbox 686 1907 806 1943; x_wconf 77' lang='lat' dir='ltr'>Bencl.</span> <span class='ocrx_word' id='word_1_174' title='bbox 872 1908 931 1950; x_wconf 84' lang='lat'>86)</span> <span class='ocrx_word' id='word_1_175' title='bbox 957 1906 1021 1942; x_wconf 81' lang='lat' dir='ltr'>isse</span> <span class='ocrx_word' id='word_1_176' title='bbox 1082 1907 1119 1953; x_wconf 60' lang='lat'>³)</span> <span class='ocrx_word' id='word_1_177' title='bbox 1143 1907 1235 1942; x_wconf 78' lang='lat' dir='ltr'>edit.</span> <span class='ocrx_word' id='word_1_178' title='bbox 1265 1905 1318 1941; x_wconf 86' lang='lat' dir='ltr'>uti</span> <span class='ocrx_word' id='word_1_179' title='bbox 1344 1917 1423 1942; x_wconf 81' lang='lat' dir='ltr'>tum</span> <span class='ocrx_word' id='word_1_180' title='bbox 1447 1910 1553 1953; x_wconf 81' lang='lat' dir='ltr'>prob.</span> 
     </span>
     <span class='ocr_line' id='line_1_24' title="bbox 233 1962 1553 2009; baseline -0.001 -11"><span class='ocrx_word' id='word_1_181' title='bbox 233 1963 356 2002; x_wconf 78' lang='lat' dir='ltr'>Bentl,</span> <span class='ocrx_word' id='word_1_182' title='bbox 417 1964 476 2008; x_wconf 87' lang='lat'>87)</span> <span class='ocrx_word' id='word_1_183' title='bbox 519 1962 560 1997; x_wconf 87' lang='lat' dir='ltr'>id</span> <span class='ocrx_word' id='word_1_184' title='bbox 589 1962 639 1998; x_wconf 86' lang='lat' dir='ltr'>est</span> <span class='ocrx_word' id='word_1_185' title='bbox 665 1976 742 1998; x_wconf 87' lang='lat' dir='ltr'>non</span> <span class='ocrx_word' id='word_1_186' title='bbox 803 1968 863 2007; x_wconf 80' lang='grc'>88)</span> <span class='ocrx_word' id='word_1_187' title='bbox 906 1965 978 2000; x_wconf 79' lang='lat' dir='ltr'>alio</span> <span class='ocrx_word' id='word_1_188' title='bbox 998 1969 1178 2009; x_wconf 53' lang='lat' dir='ltr'>&amp;tempore</span> <span class='ocrx_word' id='word_1_189' title='bbox 1242 1965 1302 2009; x_wconf 82' lang='lat'>89)</span> <span class='ocrx_word' id='word_1_190' title='bbox 1326 1964 1553 2002; x_wconf 68' lang='lat' dir='ltr'>meretricem</span> 
     </span>
     <span class='ocr_line' id='line_1_25' title="bbox 231 2018 1261 2069; baseline 0.002 -14"><span class='ocrx_word' id='word_1_191' title='bbox 231 2024 295 2069; x_wconf 84' lang='lat'>90)</span> <span class='ocrx_word' id='word_1_192' title='bbox 318 2032 341 2055; x_wconf 88' lang='lat' dir='ltr'>o</span> <span class='ocrx_word' id='word_1_193' title='bbox 359 2018 522 2069; x_wconf 74' lang='lat' dir='ltr'>Phyloti·</span> <span class='ocrx_word' id='word_1_194' title='bbox 567 2020 635 2068; x_wconf 81' lang='lat'>9¹)</span> <span class='ocrx_word' id='word_1_195' title='bbox 655 2020 898 2057; x_wconf 73' lang='lat' dir='ltr'>iuramentum</span> <span class='ocrx_word' id='word_1_196' title='bbox 943 2024 1004 2069; x_wconf 79' lang='lat'>9²)</span> <span class='ocrx_word' id='word_1_197' title='bbox 1029 2034 1051 2057; x_wconf 93' lang='grc' dir='ltr'><strong>ο</strong></span> <span class='ocrx_word' id='word_1_198' title='bbox 1068 2022 1261 2057; x_wconf 73' lang='lat' dir='ltr'>Parmeno.</span> 
     </span>
    </p>
   </div>
   <div class='ocr_carea' id='block_1_8' title="bbox 754 2111 934 2122">
    <p class='ocr_par' dir='ltr' id='par_1_17' title="bbox 754 2111 934 2122">
     <span class='ocr_line' id='line_1_26' title="bbox 754 2111 934 2122; baseline 0 978"><span class='ocrx_word' id='word_1_199' title='bbox 754 2111 934 2122; x_wconf 95' lang='lat' dir='ltr'> </span> 
     </span>
    </p>
   </div>
   <div class='ocr_carea' id='block_1_9' title="bbox 125 2168 1557 2777">
    <p class='ocr_par' dir='ltr' id='par_1_18' title="bbox 125 2168 1557 2777">
     <span class='ocr_line' id='line_1_27' title="bbox 258 2168 1555 2217; baseline 0.002 -13"><span class='ocrx_word' id='word_1_200' title='bbox 258 2169 365 2204; x_wconf 65' lang='lat' dir='ltr'>Acvr.</span> <span class='ocrx_word' id='word_1_201' title='bbox 388 2170 417 2204; x_wconf 90' lang='grc' dir='ltr'>Ι.</span> <span class='ocrx_word' id='word_1_202' title='bbox 474 2168 611 2207; x_wconf 64' lang='lat' dir='ltr'>Seru.</span> <span class='ocrx_word' id='word_1_203' title='bbox 637 2179 675 2207; x_wconf 84' lang='lat'>2.</span> <span class='ocrx_word' id='word_1_204' title='bbox 925 2174 960 2212; x_wconf 81' lang='lat'>5.</span> <span class='ocrx_word' id='word_1_205' title='bbox 990 2169 1163 2216; x_wconf 72' lang='lat' dir='ltr'>integra]</span> <span class='ocrx_word' id='word_1_206' title='bbox 1217 2170 1407 2217; x_wconf 72' lang='lat' dir='ltr'>integrum</span> <span class='ocrx_word' id='word_1_207' title='bbox 1433 2169 1489 2205; x_wconf 85' lang='lat' dir='ltr'>vel</span> <span class='ocrx_word' id='word_1_208' title='bbox 1514 2173 1555 2207; x_wconf 81' lang='lat' dir='ltr'>in</span> 
     </span>
     <span class='ocr_line' id='line_1_28' title="bbox 176 2223 1556 2275; baseline -0.001 -12"><span class='ocrx_word' id='word_1_209' title='bbox 176 2232 210 2268; x_wconf 81' lang='lat'>3·</span> <span class='ocrx_word' id='word_1_210' title='bbox 227 2227 268 2271; x_wconf 85' lang='lat' dir='ltr'><em>fi</em></span> <span class='ocrx_word' id='word_1_211' title='bbox 293 2238 442 2275; x_wconf 79' lang='lat' dir='ltr'>quaeret</span> <span class='ocrx_word' id='word_1_212' title='bbox 474 2226 570 2271; x_wconf 76' lang='lat' dir='ltr'>etc-J</span> <span class='ocrx_word' id='word_1_213' title='bbox 620 2223 806 2273; x_wconf 74' lang='lat' dir='ltr'>praecedit</span> <span class='ocrx_word' id='word_1_214' title='bbox 881 2227 1029 2272; x_wconf 75' lang='lat' dir='ltr'>integro</span> <span class='ocrx_word' id='word_1_215' title='bbox 1060 2224 1129 2260; x_wconf 75' lang='lat' dir='ltr'>ess&#39;e</span> <span class='ocrx_word' id='word_1_216' title='bbox 1166 2224 1317 2265; x_wconf 77' lang='lat' dir='ltr'>dieitur.</span> <span class='ocrx_word' id='word_1_217' title='bbox 1364 2225 1463 2274; x_wconf 86' lang='lat' dir='ltr'>quod</span> <span class='ocrx_word' id='word_1_218' title='bbox 1493 2227 1556 2261; x_wconf 82' lang='lat' dir='ltr'>ad-</span> 
     </span>
     <span class='ocr_line' id='line_1_29' title="bbox 131 2280 1556 2330; baseline 0.001 -15"><span class='ocrx_word' id='word_1_219' title='bbox 131 2281 363 2327; x_wconf 73' lang='lat' dir='ltr'>imperativus</span> <span class='ocrx_word' id='word_1_220' title='bbox 394 2283 512 2319; x_wconf 80' lang='lat' dir='ltr'>dicito</span> <span class='ocrx_word' id='word_1_221' title='bbox 542 2281 701 2330; x_wconf 83' lang='lat' dir='ltr'>sequitur</span> <span class='ocrx_word' id='word_1_222' title='bbox 726 2281 806 2318; x_wconf 81' lang='lat' dir='ltr'>[ub-</span> <span class='ocrx_word' id='word_1_223' title='bbox 878 2280 953 2317; x_wconf 87' lang='lat' dir='ltr'>huc</span> <span class='ocrx_word' id='word_1_224' title='bbox 984 2282 1034 2318; x_wconf 84' lang='lat' dir='ltr'>est</span> <span class='ocrx_word' id='word_1_225' title='bbox 1051 2282 1162 2318; x_wconf 83' lang='lat' dir='ltr'>nostri</span> <span class='ocrx_word' id='word_1_226' title='bbox 1181 2281 1339 2322; x_wconf 75' lang='lat' dir='ltr'>arbitrii,</span> <span class='ocrx_word' id='word_1_227' title='bbox 1373 2281 1474 2330; x_wconf 86' lang='lat' dir='ltr'>quod</span> <span class='ocrx_word' id='word_1_228' title='bbox 1493 2283 1556 2317; x_wconf 75' lang='lat' dir='ltr'>ad-</span> 
     </span>
     <span class='ocr_line' id='line_1_30' title="bbox 130 2337 1557 2387; baseline 0.003 -15"><span class='ocrx_word' id='word_1_229' title='bbox 130 2337 311 2374; x_wconf 71' lang='lat' dir='ltr'>iunctivuu</span> <span class='ocrx_word' id='word_1_230' title='bbox 330 2341 457 2380; x_wconf 72' lang='lat' dir='ltr'>dicas,</span> <span class='ocrx_word' id='word_1_231' title='bbox 483 2339 522 2373; x_wconf 91' lang='lat' dir='ltr'>in</span> <span class='ocrx_word' id='word_1_232' title='bbox 544 2351 617 2386; x_wconf 87' lang='lat' dir='ltr'>quo</span> <span class='ocrx_word' id='word_1_233' title='bbox 636 2338 804 2387; x_wconf 83' lang='lat' dir='ltr'>supplen-</span> <span class='ocrx_word' id='word_1_234' title='bbox 878 2337 954 2373; x_wconf 88' lang='lat' dir='ltr'>hue</span> <span class='ocrx_word' id='word_1_235' title='bbox 985 2339 1036 2374; x_wconf 75' lang='lat' dir='ltr'>ita</span> <span class='ocrx_word' id='word_1_236' title='bbox 1073 2339 1111 2374; x_wconf 85' lang='lat' dir='ltr'>in</span> <span class='ocrx_word' id='word_1_237' title='bbox 1147 2339 1322 2387; x_wconf 79' lang='lat' dir='ltr'>potestate</span> <span class='ocrx_word' id='word_1_238' title='bbox 1350 2339 1400 2374; x_wconf 80' lang='lat' dir='ltr'>est</span> <span class='ocrx_word' id='word_1_239' title='bbox 1434 2350 1475 2375; x_wconf 88' lang='lat' dir='ltr'>ut</span> <span class='ocrx_word' id='word_1_240' title='bbox 1500 2339 1557 2376; x_wconf 87' lang='lat' dir='ltr'>vel</span> 
     </span>
     <span class='ocr_line' id='line_1_31' title="bbox 131 2387 1556 2444; baseline 0.001 -15"><span class='ocrx_word' id='word_1_241' title='bbox 131 2393 219 2429; x_wconf 81' lang='lat' dir='ltr'>dum</span> <span class='ocrx_word' id='word_1_242' title='bbox 252 2395 301 2430; x_wconf 87' lang='lat' dir='ltr'>est</span> <span class='ocrx_word' id='word_1_243' title='bbox 322 2397 396 2440; x_wconf 82' lang='lat' dir='ltr'>sac</span> <span class='ocrx_word' id='word_1_244' title='bbox 419 2396 474 2432; x_wconf 80' lang='lat' dir='ltr'>vel</span> <span class='ocrx_word' id='word_1_245' title='bbox 498 2395 525 2432; x_wconf 87' lang='lat' dir='ltr'>fi</span> <span class='ocrx_word' id='word_1_246' title='bbox 556 2387 645 2444; x_wconf 75' lang='lat' dir='ltr'>qnid</span> <span class='ocrx_word' id='word_1_247' title='bbox 670 2396 802 2444; x_wconf 67' lang='lat' dir='ltr'>aptius.</span> <span class='ocrx_word' id='word_1_248' title='bbox 878 2395 956 2430; x_wconf 77' lang='lat' dir='ltr'>fieri</span> <span class='ocrx_word' id='word_1_249' title='bbox 984 2396 1040 2431; x_wconf 86' lang='lat' dir='ltr'>vel</span> <span class='ocrx_word' id='word_1_250' title='bbox 1069 2396 1189 2431; x_wconf 84' lang='lat' dir='ltr'>omitti</span> <span class='ocrx_word' id='word_1_251' title='bbox 1220 2395 1328 2443; x_wconf 75' lang='lat' dir='ltr'>poffit</span> <span class='ocrx_word' id='word_1_252' title='bbox 1352 2395 1431 2431; x_wconf 83' lang='lat' dir='ltr'>Cic.</span> <span class='ocrx_word' id='word_1_253' title='bbox 1450 2397 1556 2432; x_wconf 71' lang='lat' dir='ltr'>Verr-</span> 
     </span>
     <span class='ocr_line' id='line_1_32' title="bbox 127 2445 1555 2501; baseline 0.001 -14"><span class='ocrx_word' id='word_1_254' title='bbox 127 2445 229 2496; x_wconf 85' lang='lat' dir='ltr'>Virg.</span> <span class='ocrx_word' id='word_1_255' title='bbox 251 2455 341 2487; x_wconf 83' lang='lat' dir='ltr'>Aen.</span> <span class='ocrx_word' id='word_1_256' title='bbox 369 2454 429 2488; x_wconf 94' lang='lat'>111.</span> <span class='ocrx_word' id='word_1_257' title='bbox 465 2459 540 2497; x_wconf 75' lang='lat'>¹¹4·</span> <span class='ocrx_word' id='word_1_258' title='bbox 565 2453 644 2489; x_wconf 84' lang='lat' dir='ltr'>Liv.</span> <span class='ocrx_word' id='word_1_259' title='bbox 662 2454 724 2490; x_wconf 89' lang='lat'>111.</span> <span class='ocrx_word' id='word_1_260' title='bbox 744 2466 802 2489; x_wconf 77' lang='lat'>21.</span> <span class='ocrx_word' id='word_1_261' title='bbox 877 2454 924 2488; x_wconf 89' lang='lat'>11.</span> <span class='ocrx_word' id='word_1_262' title='bbox 954 2459 1011 2498; x_wconf 81' lang='grc' dir='ltr'>4ο.</span> <span class='ocrx_word' id='word_1_263' title='bbox 1038 2467 1120 2490; x_wconf 82' lang='lat' dir='ltr'>eum</span> <span class='ocrx_word' id='word_1_264' title='bbox 1143 2455 1212 2490; x_wconf 76' lang='lat' dir='ltr'>cibi</span> <span class='ocrx_word' id='word_1_265' title='bbox 1229 2457 1269 2490; x_wconf 84' lang='lat' dir='ltr'>in</span> <span class='ocrx_word' id='word_1_266' title='bbox 1293 2457 1444 2501; x_wconf 72' lang='lat' dir='ltr'>integro</span> <span class='ocrx_word' id='word_1_267' title='bbox 1468 2465 1555 2490; x_wconf 79' lang='lat' dir='ltr'>toea</span> 
     </span>
     <span class='ocr_line' id='line_1_33' title="bbox 127 2503 1555 2560; baseline 0 -16"><span class='ocrx_word' id='word_1_268' title='bbox 127 2510 331 2544; x_wconf 79' lang='lat' dir='ltr'>imitamini</span> <span class='ocrx_word' id='word_1_269' title='bbox 357 2510 503 2545; x_wconf 81' lang='lat' dir='ltr'>turbam</span> <span class='ocrx_word' id='word_1_270' title='bbox 523 2528 567 2535; x_wconf 93' lang='lat'><em>-</em></span> <span class='ocrx_word' id='word_1_271' title='bbox 585 2523 622 2548; x_wconf 82' lang='lat' dir='ltr'>et</span> <span class='ocrx_word' id='word_1_272' title='bbox 650 2513 715 2560; x_wconf 79' lang='lat' dir='ltr'>qui</span> <span class='ocrx_word' id='word_1_273' title='bbox 734 2525 803 2547; x_wconf 74' lang='lat' dir='ltr'>ex·</span> <span class='ocrx_word' id='word_1_274' title='bbox 877 2524 937 2547; x_wconf 82' lang='lat' dir='ltr'>res</span> <span class='ocrx_word' id='word_1_275' title='bbox 966 2513 1052 2559; x_wconf 80' lang='lat' dir='ltr'>esset</span> <span class='ocrx_word' id='word_1_276' title='bbox 1078 2510 1156 2548; x_wconf 83' lang='lat' dir='ltr'>Liv.</span> <span class='ocrx_word' id='word_1_277' title='bbox 1185 2503 1351 2546; x_wconf 79' lang='lat' dir='ltr'>XXXIX.</span> <span class='ocrx_word' id='word_1_278' title='bbox 1381 2515 1416 2554; x_wconf 82' lang='grc'>4.</span> <span class='ocrx_word' id='word_1_279' title='bbox 1444 2522 1485 2547; x_wconf 80' lang='lat' dir='ltr'>uc</span> <span class='ocrx_word' id='word_1_280' title='bbox 1508 2521 1555 2546; x_wconf 76' lang='lat' dir='ltr'>ea</span> 
     </span>
     <span class='ocr_line' id='line_1_34' title="bbox 125 2567 1554 2616; baseline 0.003 -16"><span class='ocrx_word' id='word_1_281' title='bbox 125 2567 246 2610; x_wconf 83' lang='lat' dir='ltr'>emplo</span> <span class='ocrx_word' id='word_1_282' title='bbox 291 2568 382 2603; x_wconf 79' lang='lat' dir='ltr'><em>aliis</em></span> <span class='ocrx_word' id='word_1_283' title='bbox 415 2572 482 2615; x_wconf 82' lang='lat' dir='ltr'>effe</span> <span class='ocrx_word' id='word_1_284' title='bbox 508 2569 667 2607; x_wconf 79' lang='lat' dir='ltr'>debetis.</span> <span class='ocrx_word' id='word_1_285' title='bbox 708 2568 804 2603; x_wconf 83' lang='lat' dir='ltr'><em>alio·</em></span> <span class='ocrx_word' id='word_1_286' title='bbox 878 2569 1096 2615; x_wconf 72' lang='lat' dir='ltr'>disbepeatio</span> <span class='ocrx_word' id='word_1_287' title='bbox 1115 2569 1267 2616; x_wconf 77' lang='lat' dir='ltr'>integra</span> <span class='ocrx_word' id='word_1_288' title='bbox 1285 2568 1338 2603; x_wconf 77' lang='lat' dir='ltr'>ad</span> <span class='ocrx_word' id='word_1_289' title='bbox 1347 2569 1554 2605; x_wconf 70' lang='lat' dir='ltr'>adventum</span> 
     </span>
     <span class='ocr_line' id='line_1_35' title="bbox 126 2621 1553 2673; baseline 0.002 -16"><span class='ocrx_word' id='word_1_290' title='bbox 126 2636 209 2657; x_wconf 82' lang='lat' dir='ltr'>rum</span> <span class='ocrx_word' id='word_1_291' title='bbox 254 2625 424 2667; x_wconf 76' lang='lat' dir='ltr'>exemplo</span> <span class='ocrx_word' id='word_1_292' title='bbox 470 2628 628 2671; x_wconf 71' lang='lat' dir='ltr'>peccetis</span> <span class='ocrx_word' id='word_1_293' title='bbox 671 2627 802 2669; x_wconf 71' lang='lat' dir='ltr'>potius</span> <span class='ocrx_word' id='word_1_294' title='bbox 868 2628 979 2672; x_wconf 80' lang='lat' dir='ltr'>suum</span> <span class='ocrx_word' id='word_1_295' title='bbox 998 2625 1207 2668; x_wconf 73' lang='lat' dir='ltr'>servaetur.</span> <span class='ocrx_word' id='word_1_296' title='bbox 1235 2638 1267 2663; x_wconf 84' lang='lat' dir='ltr'>v.</span> <span class='ocrx_word' id='word_1_297' title='bbox 1287 2622 1487 2673; x_wconf 53' lang='lat' dir='ltr'>Drakenb..</span> <span class='ocrx_word' id='word_1_298' title='bbox 1505 2621 1553 2660; x_wconf 70' lang='lat' dir='ltr'>ad</span> 
     </span>
     <span class='ocr_line' id='line_1_36' title="bbox 128 2677 1442 2731; baseline 0.005 -19"><span class='ocrx_word' id='word_1_299' title='bbox 128 2690 239 2724; x_wconf 78' lang='lat' dir='ltr'>quam</span> <span class='ocrx_word' id='word_1_300' title='bbox 267 2680 339 2714; x_wconf 85' lang='lat' dir='ltr'>alii</span> <span class='ocrx_word' id='word_1_301' title='bbox 366 2683 488 2726; x_wconf 78' lang='lat' dir='ltr'>vestro</span> <span class='ocrx_word' id='word_1_302' title='bbox 522 2693 625 2720; x_wconf 79' lang='lat' dir='ltr'>recca</span> <span class='ocrx_word' id='word_1_303' title='bbox 651 2682 803 2731; x_wconf 72' lang='lat' dir='ltr'>faciant</span> <span class='ocrx_word' id='word_1_304' title='bbox 877 2681 954 2717; x_wconf 82' lang='lat' dir='ltr'>Liv.</span> <span class='ocrx_word' id='word_1_305' title='bbox 974 2682 1050 2718; x_wconf 85' lang='lat' dir='ltr'>XL.</span> <span class='ocrx_word' id='word_1_306' title='bbox 1074 2693 1128 2728; x_wconf 88' lang='lat'>¹7·</span> <span class='ocrx_word' id='word_1_307' title='bbox 1439 2677 1442 2681; x_wconf 55' lang='lat'><strong>⁴</strong></span> 
     </span>
     <span class='ocr_line' id='line_1_37' title="bbox 127 2735 494 2777; baseline 0.014 -6"><span class='ocrx_word' id='word_1_308' title='bbox 127 2745 196 2773; x_wconf 77' lang='lat' dir='ltr'>etc.</span> <span class='ocrx_word' id='word_1_309' title='bbox 219 2735 282 2771; x_wconf 82' lang='lat' dir='ltr'>ubi</span> <span class='ocrx_word' id='word_1_310' title='bbox 301 2748 333 2771; x_wconf 80' lang='lat' dir='ltr'>v.</span> <span class='ocrx_word' id='word_1_311' title='bbox 353 2736 494 2777; x_wconf 82' lang='lat' dir='ltr'>Duker.</span> 
     </span>
    </p>
   </div>
  </div>
 </body>
</html>
