1708 3106
0 0 39 216 ἶ
522 153 661 199 Acr-
701 152 756 199 V.
833 151 1010 200 Sem«.
1053 151 1127 197 VI.
1430 152 1522 201 251

0 237 6 274 ξ
303 230 307 257 Ι

117 292 249 339 Nam
271 299 538 354 potaturus
558 288 618 342 ²8)
649 285 717 332 est
737 282 873 350 apud
904 301 996 334 me.
1057 281 1170 348 ‘Ego
1202 301 1282 332 me
1307 285 1381 334 ire
1410 286 1529 335 seni-

0 355 7 412 ξ.
336 362 342 368 ’
472 351 568 401 bus
600 353 812 401 Sunium

0 451 4 471 ;
50 447 100 473 10
113 423 297 473 Dicam
326 420 391 470 ad
417 432 715 476 mercatum,
759 417 1048 468 ancillulam
1084 433 1309 485 emptum
1333 418 1527 474 dudum

0 501 3 510 ²
471 505 623 554 quam
657 487 783 535 dixit
801 489 942 535 Geta.

117 561 199 609 Ne
227 575 343 608 cum
375 555 459 606 hic
490 573 593 603 non
615 554 818 603 videant
843 573 923 603 me
952 552 1202 604 conficere
1222 558 1284 615 ²9)
1319 554 1528 604 credant

266 654 273 659 —
469 635 730 700 argentum
750 623 905 671 suum.

112 692 211 745 Sed
237 692 416 743 ostium
449 691 745 756 concrepuit
774 689 866 738 abs
899 704 962 739 te.
1050 692 1207 739 ANT.
1248 689 1372 738 Vide
1410 691 1525 771 quis

467 757 761 825 egrediatur.
830 761 976 807 PHO.
1007 761 1136 807 Geta
1158 758 1237 806 est.

0 864 15 962 i
143 905 376 970 (Aci-us
418 906 475 952 V.
547 904 746 952 scam
790 906 864 950 Vr.
951 903 1261 952 ANTIPHQ
1299 901 1494 950 PHOR·

116 1081 304 1133 GETA.
316 1089 378 1144 3⁰)
404 1083 675 1137 Ofortuna,
697 1081 843 1131 ofors
867 1081 1143 1142 fortuna-⁷³¹)
1167 1083 1373 1150 quantis
1395 1100 1525 1132 com·

470 1148 815 1207 moditatibus,

113 1222 278 1285 Quam
298 1218 462 1267 subito
484 1236 569 1266 ero
583 1223 625 1256 3²
666 1234 777 1264 meo
798 1215 1074 1283 Antiphoni
1094 1235 1189 1284 ope
1212 1218 1369 1267 vestra
1389 1217 1528 1267 hunc

471 1285 708 1333 onerastis
730 1288 790 1343 33)
823 1284 988 1332 diem‘²

108 1356 265 1404 ANT.
292 1351 544 1429 Quidnam
568 1352 647 1400 bic
670 1350 756 1399 fibi
780 1351 917 1401 vult?
973 1351 1069 1401 GE.
1094 1355 1311 1420 Nosque
1333 1354 1524 1403 amicos

467 1421 577 1468 eius
601 1420 902 1468 exonerastis
925 1435 1075 1469 metu.

109 1463 204 1538 Sed
237 1506 377 1537 nunc
404 1487 524 1536 mihi
552 1504 644 1552 ego
685 1488 810 1535 cesso
840 1488 930 1553 qui
959 1506 1063 1537 non
1095 1486 1360 1537 humerum
1388 1487 1527 1538 huno

466 1572 622 1604 onero
653 1553 821 1620 pallio,

67 1633 95 1676 5
110 1627 279 1690 Atque
300 1622 552 1671 hominem
573 1626 633 1679 34)
665 1640 882 1688 propero
903 1623 1139 1682 invenire,
1163 1638 1223 1672 ut
1244 1622 1369 1672 haec
1393 1641 1526 1690 quae

467 1691 807 1759 contingerint
823 1691 975 1739 Iciat'?
998 1694 1059 1749 35)

64 1758 67 1778 ⁵
110 1760 266 1808 ANT.
300 1760 439 1808 Num
474 1772 533 1806 tu
571 1756 806 1824 intelligis
841 1758 964 1824 quid
994 1757 1077 1808 hic
1107 1761 1313 1806 narret?
1378 1761 1527 1807 PHO.

464 1828 602 1874 Num
624 1827 716 1875 tu?
782 1825 887 1874 AN.
908 1825 1058 1875 Nihil
1125 1829 1271 1875 PHO.
1298 1830 1527 1875 Tantun-

466 1892 578 1940 dem
601 1911 705 1958 ego.

109 1960 208 2010 GE.
228 1958 307 2008 Ad
322 1958 553 2009 lenonem
579 1960 730 2008 hinc
717 1978 789 2008 ire
807 1978 1024 2026 pergam,
1060 1960 1150 2009 ubi
1172 1978 1310 2010 nunc
1332 1960 1454 2009 sunt.
1464 1959 1524 2023 36)

471 2030 620 2075 ANT.
642 2031 784 2075 Heus
809 2031 948 2075 Geta.
1016 2032 1110 2077 GE.
1141 2032 1271 2076 Hem
1294 2028 1386 2077 tibi
1403 2031 1439 2089 ¹³)

105 2097 244 2146 Num
279 2095 459 2144 mirum
492 2108 582 2142 aut
612 2112 801 2142 novum
830 2094 900 2142 est
923 2097 1152 2145 revocari
1182 2093 1384 2144 cursum
1407 2115 1525 2147 cum

463 2161 765 2210 institueris?

169 2272 235 2315 28)
261 2270 510 2305 convivaturus
577 2272 642 2316 ²9)
668 2270 870 2317 expendere
912 2275 982 2313 30)
1006 2271 1124 2306 lecum
1181 2272 1247 2318 3¹)
1272 2272 1360 2307 felix
1378 2285 1525 2310 eventu·

215 2329 280 2371 32)
305 2326 458 2360 domino
514 2326 579 2371 33)
604 2326 810 2362 cumulastis
870 2330 929 2370 34)
955 2329 1203 2375 Antiphonem
1266 2331 1330 2376 35)
1345 2331 1449 2378 sign.
1470 2335 1528 2366 in·

215 2385 439 2430 arrogandi
472 2384 633 2420 deletum
694 2382 760 2427 36)
791 2382 953 2430 Antipho
981 2395 1016 2420 et
1042 2384 1199 2420 Phedria
1258 2387 1295 2432 ³)
1318 2389 1410 2424 edic.
1435 2388 1524 2423 tibi!

230 2504 261 2539 A
272 2516 292 2538 c
304 2517 339 2539 'r-
364 2507 410 2543 V.
456 2507 480 2541 S
495 2519 514 2540 c
525 2519 545 2540 ε.
557 2518 593 2540 11.
621 2506 658 2541 6.
855 2506 927 2542 die.
960 2511 1122 2545 Onerat-e
1140 2508 1190 2544 est
1204 2509 1396 2544 cumulare.
1409 2509 1527 2546 Plaut.

161 2572 194 2595 ¹.
260 2566 410 2607 quantis
453 2563 779 2609 commoditqtibus
854 2563 892 2597 in
914 2564 1054 2611 Captiv.
1074 2567 1135 2600 IV.
1162 2580 1189 2602 ι.
1205 2579 1237 2611 7.
1259 2566 1318 2603 hic
1335 2581 1389 2603 me
1408 2581 1530 2602 amoe-

111 2615 198 2651 hero
225 2630 303 2652 meo
332 2619 416 2662 eea]
473 2631 536 2664 per
566 2617 779 2665 hypallagen
855 2624 976 2658 nitate
992 2636 1148 2660 amoena
1166 2627 1526 2662 amoenusoneravit

112 2671 246 2706 dicitur
262 2685 346 2718 pro:
380 2675 523 2721 quantis
543 2676 781 2712 commodita-
856 2680 951 2716 dies.

112 2726 209 2764 tibus
228 2727 355 2773 berum
379 2744 500 2766 meum
521 2732 690 2770 onerasti·
706 2733 781 2771 hoe
