1664 3100
181 155 276 187 102
721 135 1048 185 HECYRA.

103 283 160 333 4ο
175 271 323 321 Meae
350 272 645 322 auctoritati
673 270 860 320 fautrix
892 267 1306 338 adiutrixquefit

177 342 230 390 Si
248 346 311 400 53)
345 359 611 406 nunquam
641 357 790 390 avare
820 341 1042 405 pretium·
1074 339 1222 387 statui
1250 337 1348 386 arti
1375 353 1531 396 meae,

174 408 241 458 Et
258 426 373 457 eum
392 409 484 457 esse
504 409 764 476 quaestum
782 408 837 456 in
862 408 1086 455 animum
1106 405 1285 455 induxi
1310 406 1597 464 maximum,

174 479 339 542 Quam
366 477 578 525 maxime
599 477 776 526 servire
797 476 969 525 vestris
996 473 1291 524 commodis.

175 544 332 592 Sinite
352 545 620 612 impetrare
639 561 740 602 me,
773 546 836 603 54)
874 544 964 610 qui
984 543 1036 590 in
1058 541 1264 591 tutelam
1285 559 1449 590 meam

100 621 159 671 45
174 611 405 661 Studium
427 614 583 670 suum,
605 617 665 668 55)
697 627 747 660 et
763 613 809 661 se
828 612 882 660 in
902 611 1111 661 vestram
1143 607 1387 660 commifit
1407 607 1571 667 fidem,

170 682 252 729 Ne
270 697 387 728 eum
408 681 809 730 circumventum
841 679 1028 745 inique*
1049 678 1215 745 iniqui
1242 676 1496 726 irrideant.

172 750 295 796 Mea
331 749 478 798 causa
505 745 571 808 56)
624 749 824 801 causam
855 745 989 795 hanc
1016 748 1055 808 *)
1110 746 1347 813 accipite,
1390 758 1441 794 et
1481 744 1599 794 date

533 814 793 873 filentium,

173 886 242 931 Ut
264 882 440 933 lubeat
459 883 673 933 scribere
704 882 814 932 aliis
835 884 899 938 57)
929 878 1159 948 mihique
1180 893 1240 930 ut
1262 878 1463 936 discere.

165 952 344 1002 Novas
373 951 607 1020 expediat
628 950 834 1017 posthac
852 954 914 1012 58)
943 951 1108 1016 pretio
1129 950 1195 1012 59)
1224 964 1387 998 emtas
1407 965 1534 998 meo.

241 1096 485 1153 (Aeros
531 1100 561 1145 I.
631 1097 836 1145 seem
875 1100 908 1144 I.
981 1094 1291 1144 PHILOTIS.
1332 1093 1531 1154 SYRA.)

167 1209 546 1258 PHILOCIUM.
559 1206 622 1268 6⁰)
639 1208 675 1270 Ἴ
708 1211 803 1257 Per
821 1205 981 1275 polfi¹)
1015 1224 1171 1274 quam
1191 1223 1388 1274 paucos
1409 1204 1472 1267 62)
1491 1222 1603 1271 rep·

530 1277 700 1345 perias
721 1275 1075 1326 meretricibus

230 1392 299 1437 53)
336 1390 516 1439 fiquidem
582 1392 649 1437 54)
687 1402 729 1427 ut
760 1390 917 1426 audiatis
952 1389 1109 1424 libenter
1141 1388 1246 1424 inam
1315 1390 1382 1434 55)
1422 1387 1603 1424 commisit

275 1450 337 1492 56)
363 1459 507 1497 propter
532 1460 653 1482 meam
683 1446 825 1483 causam
888 1448 924 1492 ⁴)
948 1448 1040 1482 edit.
1068 1450 1188 1484 omitt.
1219 1446 1317 1481 hane
1345 1446 1450 1491 prob.
1478 1448 1603 1483 Bentl.

273 1508 340 1551 57)
364 1505 483 1552 poetis
530 1506 596 1551 58)
620 1505 758 1540 dehinc
804 1506 869 1551 59)
893 1504 1073 1539 beneficio
1094 1517 1176 1538 meo
1195 1514 1231 1538 et
1259 1502 1379 1538 favore
1409 1502 1511 1550 qnod
1534 1504 1603 1539 im·

276 1561 400 1608 pendo
421 1572 549 1608 poetae
570 1562 595 1596 i.
618 1575 649 1596 e.
670 1562 830 1597 narratio
851 1562 1130 1609 praeteritorum
1152 1560 1275 1608 postea
1300 1574 1365 1608 per
1384 1561 1603 1597 convenien-

274 1627 329 1652 tes
352 1616 521 1663 personas
548 1617 622 1664 (?)
667 1619 727 1663 60)
754 1619 911 1653 Philotis
932 1617 1001 1652 five
1023 1616 1232 1652 Philocium
1251 1616 1420 1652 meretrix
1438 1617 1602 1664 loquitur

275 1685 359 1708 cum
395 1673 481 1720 Syra
515 1674 671 1720 aliisque
706 1674 956 1710 meretricibus
994 1674 1040 1708 de
1075 1673 1291 1721 Pamphilo,
1352 1674 1415 1720 qui
1455 1671 1602 1709 dimiffa.

279 1729 446 1764 Bachide
483 1729 711 1777 desponsavit
751 1731 1006 1766 Philumenam
1045 1731 1157 1764 filiam
1196 1729 1376 1776 Phidippi
1443 1729 1600 1774 ⁶)ed1't.

275 1787 505 1822 PHILOTIS
533 1788 639 1831 prob.
671 1789 792 1824 Benel.
848 1788 910 1830 61)
936 1801 1001 1835 per
1019 1788 1142 1823 Deum
1170 1786 1358 1821 Pollucem
1411 1786 1478 1832 62)
1508 1786 1600 1822 ordo

275 1842 326 1877 est
345 1855 519 1890 perquam
538 1855 693 1891 paucos.

216 1937 273 1976 4¹·
300 1934 486 1979 pretium]
521 1932 759 1969 histrionibus
778 1947 852 1970 cer·
972 1940 1030 1982 49.
1056 1937 1178 1980 pretio
1211 1943 1307 1970 emto
1334 1933 1435 1978 meo]
1485 1948 1602 1971 meum

172 1999 211 2025 ta
252 2002 389 2024 merces
430 1990 585 2025 dabatur
623 1990 668 2024 ab
703 1991 851 2026 editori·
925 1996 1086 2039 pretium
1126 1989 1376 2026 Broukhufius
1411 1990 1602 2027 Donatum

171 2045 420 2081 busludorum
435 2047 487 2082 vel
501 2046 547 2082 de
559 2047 719 2093 publico,
741 2060 851 2095 quam
927 2050 1068 2085 secutus
1096 2048 1142 2083 ad
1165 2050 1327 2094 Propert.
1488 2049 1601 2096 expli-

172 2104 320 2150 proprie
373 2105 481 2140 lucar
524 2104 774 2151 appellabann
816 2117 848 2139 v.
928 2117 986 2142 cat
1013 2105 1302 2141 aestimationem
1329 2115 1348 2137 a
1370 2115 1428 2138 me
1453 2103 1599 2147 factem,

173 2158 271 2208 Lips.
295 2159 341 2193 ad
359 2160 481 2196 Taciti
502 2161 631 2199 Annal.
652 2163 681 2197 I.
701 2173 758 2206 77.
895 2201 898 2205 ,
928 2162 1028 2210 quod
1068 2161 1204 2197 aediles
1234 2159 1396 2195 fabulam
1427 2173 1601 2202 emerant,

218 2222 274 2260 43.
290 2220 439 2263 fiet-vire
465 2220 602 2262 vestris
630 2217 848 2262 commodis]
927 2219 1054 2268 quami
1091 2224 1215 2252 auctor
1248 2215 1472 2251 aestimasset.
1515 2218 1603 2254 sed

173 2273 201 2308 i.
227 2287 259 2309 e.
286 2273 448 2315 studere.
485 2287 632 2323 operam
661 2275 747 2311 dare
770 2276 851 2312 Cic.
927 2276 1052 2311 durior
1079 2275 1129 2311 est
1156 2274 1249 2309 haec
1278 2273 1394 2314 rati03
1429 2285 1490 2313 ac,
1515 2274 1604 2312 licet

175 2330 223 2365 ad
251 2331 335 2366 Div.
364 2332 411 2369 V.
440 2345 496 2369 21.
523 2334 739 2369 valitudini
765 2345 851 2369 cuae
926 2345 1069 2372 verum.
1095 2331 1312 2380 plerumque
1328 2328 1464 2365 aediles
1481 2343 1604 2378 apoc.

173 2400 211 2424 et
247 2390 528 2433 tranquillitati
553 2392 674 2426 animi
684 2393 851 2437 servias.
927 2391 974 2426 tin
994 2389 1135 2424 fabulas
1153 2386 1296 2426 emisse.
1331 2387 1531 2433 anquando
1551 2400 1605 2424 ta·-

173 2445 303 2492 Nepos
338 2445 378 2479 in
405 2446 565 2481 Hamilc.
607 2459 638 2484 c.
668 2459 700 2481 1.
726 2446 790 2481 ubi
816 2459 851 2481 v-
927 2459 1012 2481 men
1040 2456 1177 2480 actores
1207 2456 1354 2492 quoque
1374 2443 1516 2480 fabula,
1538 2444 1602 2482 suo

178 2501 391 2548 Heusmger.
930 2502 1049 2552 pretio
1078 2512 1258 2540 emerunt,
1289 2511 1329 2536 ut
1351 2501 1451 2536 Paris
1474 2502 1602 2539 histrio

224 2565 281 2603 47.
306 2559 451 2602 caulam
470 2559 657 2605 accipite]
706 2563 854 2607 eausam
932 2559 1031 2608 apud
1062 2558 1222 2595 Iuvenal.
1262 2557 1337 2592 Sat.
1372 2559 1455 2596 vu.
1487 2567 1546 2606 87.
1581 2572 1603 2595 a

178 2618 343 2659 accipere
374 2615 428 2649 vel
457 2625 498 2651 ut
521 2616 651 2651 Cicero
680 2616 854 2664 loquitur.
929 2617 1048 2655 Statio
1068 2616 1156 2651 emit
1178 2618 1332 2660 Agaven.

179 2676 343 2716 recipere
373 2671 545 2708 dicuntur
578 2672 762 2712 causidici,
791 2673 854 2721 qui
1066 2673 1172 2707 Aer.
1198 2673 1225 2705 1.
1273 2671 1409 2707 Scan.
1438 2685 1469 2707 r.

182 2728 310 2764 caulae
332 2728 578 2765 deienfiouem
599 2727 798 2777 suscipiunt
982 2742 1012 2768 ι.
1041 2732 1107 2766 Per
1125 2729 1191 2774 pol
1211 2730 1347 2776 quam]
1395 2742 1460 2777 per
1477 2727 1603 2766 tmefin
