1664 3100
121 158 125 163 .
165 129 233 187 74
595 124 603 129 ·
696 121 1045 172 ADELPHI.

158 261 259 305 Cur
281 258 404 306 emis
427 259 490 317 3¹>
523 258 736 306 amicam
757 256 946 306 Micio?
963 261 1024 318 3²)
1065 255 1319 325 Nunquid
1338 259 1377 320 ‘)
1405 260 1573 310 minus

92 336 142 376 15
155 324 285 375 Mihi
313 325 445 374 idem
472 328 553 374 ins
583 343 806 392 aequum
841 326 909 374 est
943 326 1059 383 esse,
1081 340 1083 342 ’
1106 326 1248 391 quod
1275 327 1473 377 mecum
1506 329 1575 378 est

516 393 641 441 tibi?
896 399 898 402 ’

158 460 377 528 Quando
399 479 489 527 ego
513 475 659 509 tuum
682 478 785 508 non
809 477 933 509 curo
949 497 961 516 ,
995 478 1060 509 ne
1091 479 1214 511 cura
1241 479 1422 512 meum.
1479 500 1487 506 .

157 534 249 578 Ml.
285 532 405 579 Non
425 547 641 597 aequum
666 527 803 576 dicis.
868 530 966 576 DE.
995 531 1146 578 Non?
1215 533 1303 579 Ml.
1334 533 1468 580 Nam
1492 550 1573 584 ve-

511 611 592 644 tus
621 594 831 645 verbum
855 599 914 656 33)
948 596 1046 646 hoc
1074 595 1278 664 quidem
1307 599 1386 647 eft.

154 667 451 715 Communia
482 665 572 714 esse
603 663 881 712 amicorum
905 665 1039 713 inter
1065 666 1113 714 se
1154 667 1336 731 omnia.

151 735 252 782 DE.
297 739 499 791 Facete,
551 749 690 780 nunc
729 730 927 780 demum
960 733 1108 783 istaec
1130 746 1251 783 nata
1282 734 1448 784 oratio
1485 735 1565 783 est.

76 824 130 851 20
145 802 230 848 ML
267 800 714 866 Ausculta·paucis,
748 797 836 847 nifi
855 798 1110 850 molestum
1133 802 1204 850 est
1226 804 1429 852 Demea.
1632 804 1635 806 ’

148 871 399 936 Principio
434 867 468 916 fi
496 869 544 916 id
571 882 620 916 te
646 866 843 916 mordet
866 869 1118 934 [amptum
1137 871 1202 928 34)
1235 867 1326 918 fil-ii
1346 874 1407 932 35)

153 940 313 1003 Quem
340 938 556 994 faciunt,
592 936 777 1002 quaeso
796 935 948 985 facito
972 936 1099 986 haec
1132 950 1300 987 tecum
1322 938 1528 1005 cogites.

149 1009 235 1054 Tu
258 1004 371 1054 illos
395 1006 524 1054 duos
549 1001 667 1052 olim
695 1021 789 1070 pro
823 1022 878 1053 re
903 1001 966 1065 36)
997 1004 1211 1054 tollebas
1233 1009 1293 1066 37)
1325 1019 1430 1065 tua,

146 1073 294 1139 Quod
323 1073 435 1121 satis
460 1070 679 1139 putabas
701 1085 792 1121 tua
823 1071 960 1121 bona
990 1072 1242 1123 ambobus
1257 1077 1326 1138 β58)
1358 1073 1466 1123 fore

75 1153 129 1193 25
143 1146 203 1189 Et
225 1159 301 1188 me
322 1154 429 1189 tum
454 1139 933 1190 uxorerffcredidisti
961 1138 1145 1190 scilicet

143 1212 443 1258 Ducturum.
510 1206 732 1256 Eandem
755 1207 891 1259 illam
913 1209 1161 1258 rationem
1187 1209 1449 1276 antiquam
1473 1205 1574 1257 ob--
1609 1254 1613 1259 .

495 1278 599 1325 tine
624 1275 689 1338 39)
826 1276 828 1278 ’

140 1345 399 1404 Conserva‚
422 1346 486 1405 40)
520 1362 724 1411 quaere,
746 1346 809 1407 4¹)
841 1363 1006 1411 parce,
1023 1342 1088 1409 4²)
1116 1345 1200 1395 fac·
1221 1361 1378 1412 quam
1406 1341 1560 1411 pluri·

496 1431 634 1460 mum
654 1412 719 1471 43)

139 1480 238 1530 Illis
263 1480 534 1547 relinquas.
571 1480 796 1529 Gloriam
816 1495 872 1530 tu
891 1482 1045 1530 istanc
1069 1479 1160 1529 tibi
1189 1477 1232 1541 ²¹²)
1268 1479 1454 1529 obtine.
1477 1511 1480 1513 Δ
1529 1478 1532 1485 ’

136 1552 256 1596 Mea
298 1566 431 1614 quae
470 1550 672 1612 praeter
709 1549 841 1614 spem
886 1566 1096 1597 evenere
1134 1561 1356 1606 utantur,
1389 1550 1452 1609 **)
1490 1547 1558 1610 44)

492 1617 610 1663 Sine
635 1619 695 1674 45)

63 1692 118 1735 30
134 1686 213 1732 De
234 1684 423 1731 summa
442 1679 504 1741 46)
534 1681 660 1730 nihil
688 1679 906 1731 decedet.
929 1684 989 1743 47)
1059 1681 1211 1746 Quod
1234 1680 1351 1730 binc
1376 1682 1437 1743 48)
1473 1698 1551 1747 ac·

492 1750 679 1798 cesserit

130 1816 185 1866 Id
209 1817 269 1865 de
291 1816 434 1866 lucro
454 1830 632 1881 putato
658 1817 750 1865 esse
760 1835 771 1875 3
790 1818 851 1877 49)
886 1817 1057 1864 omnia
1072 1819 1110 1877 *)
1145 1814 1270 1864 haec
1290 1813 1326 1862 fi
1343 1813 1481 1866 voles

187 1973 252 2018 31)
278 1971 332 2006 illi
388 1972 452 2016 32)
478 1984 499 2005 ο
519 1971 635 2006 Micio
701 1971 740 2017 ³¹)
763 1973 853 2007 edit.
874 1984 961 2006 num
983 1971 1045 2018 qui
1072 1972 1176 2016 prob.
1200 1973 1321 2008 Bentl-
1378 1972 1443 2017 33)
1465 1984 1548 2017 pro-

232 2029 406 2064 verbium,
445 2029 627 2063 Yronikos
693 2033 751 2071 54)
777 2027 938 2074 sumptus
994 2029 1058 2072 35)
1083 2026 1195 2062 nostri
1260 2030 1319 2070 36)
1344 2027 1544 2064 secundum

227 2097 330 2121 tuum
354 2084 453 2132 polle
500 2085 564 2129 57)
588 2084 771 2119 nutriebas
817 2089 876 2127 33)
903 2085 986 2119 filiis
1034 2086 1098 2131 39)
1121 2099 1196 2120 rem
1223 2097 1323 2121 tuam
1368 2087 1435 2130 40)
1469 2085 1542 2120 illis

229 2143 295 2188 41)
319 2141 392 2176 illis
412 2141 509 2175 bona
555 2144 620 2188 42)
646 2154 744 2178 utere
799 2143 863 2188 43)
889 2142 1083 2176 maximam
1110 2142 1340 2177 substantiam
1368 2143 1424 2189 ⁴)
1447 2144 1542 2180 edic.

229 2199 332 2234 istam
376 2199 422 2239 ”)
446 2200 537 2234 edic.
557 2213 633 2236 non
651 2201 803 2246 dtjfting-
831 2203 891 2242 44)
913 2199 971 2233 his
1016 2203 1075 2242 45)
1102 2199 1268 2246 permitte
1308 2199 1375 2243 46)
1399 2209 1542 2233 tuarum

227 2269 345 2291 rerum
376 2259 440 2302 47)
459 2257 642 2291 minuetur
687 2260 746 2298 48)
767 2269 807 2289 ex
828 2269 909 2290 meo
931 2255 1002 2291 inis
1047 2259 1108 2302 49)
1134 2255 1207 2290 iuis
1255 2255 1294 2300 '')
1315 2257 1411 2293 edic.
1430 2269 1539 2291 omno

228 2324 264 2349 et
284 2315 436 2362 ὀψίης.
455 2318 537 2362 post
555 2314 590 2348 b.
608 2329 649 2350 v.
667 2314 772 2359 prob..
793 2314 915 2348 Bentl-

165 2497 220 2532 23.
246 2503 315 2534 pro
333 2503 374 2525 re
390 2489 476 2533 cua]
526 2489 551 2523 i.
572 2502 603 2524 e.
626 2502 691 2537 pro
713 2503 790 2525 mo·
867 2499 925 2524 cat
942 2487 1196 2525 difficultatem
1218 2488 1378 2535 aliquam
1397 2486 1533 2523 alencki.
1567 2482 1572 2486 ⁵

121 2547 169 2581 do
192 2546 402 2580 facultatum
432 2557 585 2580 tuarum.
863 2558 895 2581 v.
918 2547 1020 2582 Cort.
1041 2545 1088 2580 ad
1107 2545 1249 2580 Sallust.
1272 2544 1382 2580 Catil.
1405 2557 1435 2579 c.
1451 2553 1508 2590 37.

163 2603 375 2647 tolerabas]
440 2602 464 2635 i.
497 2615 528 2637 e.
566 2602 784 2639 sustentabas
909 2612 965 2647 3¹·
988 2605 1033 2638 de
1052 2603 1173 2647 lucro]
1203 2601 1248 2638 de
1269 2603 1368 2637 lucro
1389 2602 1458 2638 esse
1479 2601 1534 2636 di-

115 2659 192 2695 Liv.
213 2661 345 2694 XXVI.
363 2666 422 2702 4ο.
443 2660 573 2695 Vellei.
592 2661 783 2696 Pateralt.
863 2661 954 2696 citur
966 2659 1065 2708 quod
1087 2670 1225 2707 praeter
1235 2658 1332 2707 spem
1345 2661 1474 2700 evenit,
1491 2660 1531 2694 in

119 2728 173 2762 ¹9·
206 2716 354 2761 Semper
381 2716 453 2751 hoc
482 2716 625 2751 vetbum
653 2716 785 2763 fignifi-
860 2719 1006 2755 Phorm.
1025 2719 1071 2752 H.
1095 2729 1125 2752 ι.
1147 2717 1200 2752 16.
1226 2718 1403 2766 quicquid
1425 2729 1533 2762 prae-
