1664 3100
133 136 208 200 -64
678 138 1024 197 ADELPHL.

138 279 202 324 Et
220 274 329 325 scio.
384 276 518 324 Nam
540 287 589 323 te
612 291 749 331 amc,
786 290 893 340 quo
913 277 975 336 9⁷)
1009 274 1167 342 inagis
1189 292 1325 343 quae
1344 278 1451 343 agis
1466 283 1561 329 'cu2

499 360 584 390 rae
606 343 718 390 sunt
732 340 876 390 mihi.
1058 360 1061 362 “

140 411 234 461 ΑΕ.
265 416 339 461 Ita
371 409 518 461 velim
546 428 625 458 me
653 414 717 466 98)
757 422 1128 475 promerentem
1160 428 1297 462 ames
1337 411 1460 462 dum
1489 413 1559 464 vi-

497 495 586 526 vas
609 480 647 536 *)
683 494 714 525 o
735 478 802 524 mi
823 490 976 543 pater.

139 551 211 596 -Ut
226 565 305 597 me
325 545 423 596 hoc
446 544 680 595 delictum
705 543 938 594 admisisse
962 546 1017 594 in
1049 564 1154 606 me,
1197 546 1252 596 id
1268 546 1391 600 mihi
1415 547 1559 601 vehe-

498 627 690 662 menter
710 611 868 671 dolet,

138 687 199 733 Et
219 702 298 733 me
316 683 393 732 tui
414 681 583 749 pudet.
601 749 612 758 .
632 683 722 729 Ml.
744 681 904 732 Credo
926 680 1107 734 hercle.
1142 684 1279 734 Nam
1298 684 1558 751 ingenium

495 767 617 798 novi
650 761 796 798 tuum

67 829 120 871 50
135 816 370 868 Liberale.
437 816 534 868 Sed
554 833 731 867 vereor
749 834 814 867 ne
835 814 1103 886 indiligens
1123 820 1190 880 99)
1222 820 1436 869 nimium
1454 817 1558 869 sies.

138 893 191 935 In
215 905 317 955 qua
344 887 546 935 civitate
567 883 773 935 tandem
796 898 848 935 te
880 885 1124 935 arbitrare
1152 891 1186 947 ¹)
1218 889 1423 938 vivere?

136 952 394 1021 Virginem
415 953 616 1011 vitiasti,
654 971 809 1021 quam
840 967 890 1004 te
910 954 991 1004 ius
1015 973 1118 1004 non
1149 955 1317 1005 fuerat
1340 966 1558 1023 tangere.

138 1023 243 1072 Iam
275 1022 328 1070 id
355 1034 623 1088 peccatum
649 1023 886 1088 primum,
906 1023 948 1082 2)
1001 1040 1266 1090 maguum,
1308 1036 1360 1073 et
1384 1023 1559 1074 huma-

493 1107 618 1139 num
636 1103 817 1139 tamen.
974 1107 982 1116 ·

139 1163 322 1209 Fecere
348 1157 432 1207 alii
455 1158 617 1224 saepe,
650 1159 770 1207 item
790 1157 926 1208 boni.
992 1164 1059 1208 At
1083 1159 1351 1226 postquam
1371 1157 1427 1207 id
1450 1167 1579 1210 eve-⁸

492 1227 588 1284 nit,
615 1224 741 1276 cedo
766 1231 807 1288 3)
1035 1247 1038 1251 ·
1305 1239 1308 1242 ’

66 1307 118 1349 55
133 1293 383 1363 Nunquid
405 1295 785 1410 οἱτουὲιιξρθχῑὶἳ
815 1307 908 1343 aut
925 1291 1162 1362 nunquid
1180 1303 1290 1343 tute
1307 1293 1558 1361 prospexti

493 1375 531 1411 tl
569 1382 585 1412 l
601 1401 612 1410 .

136 1429 273 1500 Quid
300 1429 472 1480 fieret?
515 1449 619 1498 qua
644 1433 686 1490 4)
732 1428 907 1480 fieret?
973 1430 1027 1481 Si
1055 1442 1105 1478 te
1135 1427 1258 1479 mihi
1287 1429 1445 1494 ipsum
1466 1446 1557 1493 pu-

493 1498 605 1547 duit
628 1498 806 1557 dicere,

135 1571 250 1634 Qua
275 1571 313 1627 5)
348 1565 688 1615 resciscerem?
711 1563 752 1626 6)
818 1568 960 1614 Haec
978 1563 1101 1614 dum
1129 1563 1334 1613 dubitas
1364 1564 1553 1613 menses

451 1663 453 1665 >
495 1632 732 1681 abierunt
752 1632 935 1682 decem.

126 1699 400 1753 'Prodidisti
425 1706 463 1762 7)
507 1715 556 1748 te
582 1701 620 1759 Ἴ
667 1714 717 1748 et
747 1699 884 1748 illam
915 1699 1141 1747 miseram
1171 1701 1224 1746 ef:
1259 1710 1482 1765 gnatum,
1515 1701 1553 1759 8)

493 1767 635 1835 quod
658 1772 697 1828 9)
735 1766 940 1834 quidem
959 1767 1014 1814 in
1033 1781 1082 1813 te
1100 1764 1197 1814 fuit

136 1835 274 1904 Quid
304 1834 578 1886 credebas?
611 1837 649 1894 *)
687 1833 956 1883 dormienti
986 1832 1113 1883 haec
1143 1831 1236 1898 tibi
1263 1831 1549 1886 consecutu-

492 1920 578 1952 ros
605 1906 662 1964 ιο)
699 1901 820 1950 deos
852 1905 910 1963 ¹¹)

193 2061 259 2109 97)
281 2068 499 2108 quapropter
545 2061 604 2104 93)
625 2057 693 2093 tibi
738 2057 777 2104 ¹‘)
799 2058 858 2095 ed.
877 2060 999 2094 omitt.
1021 2056 1056 2093 Ο
1103 2056 1170 2103 99)
1192 2055 1385 2103 neglegent
1435 2057 1475 2103 ι)
1499 2069 1553 2094 u.

242 2117 383 2152 bitraris
408 2127 447 2151 ut
467 2115 644 2160 virginem
662 2125 796 2150 temere
818 2125 1025 2160 corrumpas
1073 2114 1115 2159 2)
1141 2112 1192 2148 est
1236 2115 1277 2158 5)
1297 2113 1374 2153 dic.
1402 2115 1444 2159 4)
1462 2127 1551 2161 quo-

234 2174 348 2212 modo
411 2174 452 2217 5)
481 2172 668 2220 quomodo
723 2172 766 2217 6)
790 2171 927 2207 scilicet
957 2183 1033 2205 non
1059 2169 1153 2204 bene
1180 2168 1318 2205 factum
1375 2170 1416 2216 7)
1441 2171 1551 2205 tradi-

239 2232 336 2266 disti.
371 2228 560 2277 perdidisti
627 2230 662 2274 *)
694 2230 784 2265 edic.
824 2239 859 2264 et
890 2239 926 2264 te
958 2229 1141 2274 probante
1169 2228 1289 2264 Benel.
1357 2227 1400 2274 8)
1435 2240 1478 2262 ex
1507 2241 1550 2264 en

235 2290 279 2335 9)
303 2298 476 2335 quantum
524 2287 560 2334 ⁸)
583 2288 674 2323 edic.
701 2289 810 2331 ponte
825 2287 933 2335 sign.
961 2288 1094 2323 interr-
1120 2287 1202 2332 post
1231 2283 1322 2332 quid
1371 2285 1550 2333 10)pne-.

236 2356 424 2393 paraturos
485 2344 547 2390 ιι)
572 2342 756 2380 credebas.

174 2515 233 2561 253.
258 2516 431 2551 delictum
458 2516 659 2551 admittere
687 2516 727 2550 in
741 2514 798 2562 fi]
878 2524 954 2548 tare
972 2511 1077 2559 saepe
1096 2511 1257 2560 iungitur
1278 2525 1360 2548 cum
1379 2511 1550 2558 aecusati-

115 2572 383 2608 'i.e.delictum
397 2570 802 2617 committere-Cic.pro
877 2582 923 2605 vo
944 2570 1171 2617 pronomini·
1199 2570 1363 2605 neutrius
1394 2570 1548 2615 generis.

124 2629 278 2664 Cluent.
302 2641 331 2665 c.
351 2629 407 2662 ⁶31.
434 2640 467 2662 v.
489 2628 628 2663 Notata
654 2627 700 2663 ad
729 2628 801 2663 Ru-
874 2627 959 2663 cie.
986 2640 1052 2675 pro
1090 2625 1194 2662 Rosc.
1231 2627 1402 2661 Amerino
1431 2633 1548 2668 c.·31.

121 2687 185 2723 -ιὶΙ,
206 2688 284 2731 ῐ..υρ
316 2685 361 2719 11.
382 2692 437 2726 83.
878 2683 989 2718 ovid.
1009 2684 1124 2723 XVII.
1138 2692 1194 2731 37.
1215 2683 1283 2719 hoc
1301 2698 1441 2733 quoque
1451 2685 1554 2720 em‘m
1628 2677 1664 2728 γ’

44 2739 49 2745 ’
175 2750 232 2789 57.
258 2742 347 2778 haec
363 2742 450 2777 dum
472 2742 648 2786 dubitas]
697 2741 802 2778 dubi·
873 2741 1020 2778 dubito.
1275 2750 1278 2752 ’
1353 2783 1363 2789 ⁷
1382 2763 1386 2767 ⁴
