1708 3106
497 155 729 203 Aca-:12

787 153 998 201 scen.
1043 154 1098 199 11.

1399 152 1497 200 203

86 288 183 338 GE.
209 287 421 356 Oppido.
487 287 636 335 ΡΗΟ.
675 285 752 334 Ad
778 297 828 334 te
857 285 1046 335 summa
1072 282 1231 333 solum
1259 282 1496 334 Phormio

437 372 603 404 rerum
625 354 765 411 redit,
784 358 845 414 ⁷¹)

88 427 227 473 Tute
243 422 343 473 h'oc
364 423 552 487 intristi,
573 423 637 481 7²)
670 421 762 471 tibi
783 438 933 470 omne
961 420 1030 468 est
1059 416 1384 468 exedendum.
1418 437 1497 468 ac·

441 490 639 555 cingere
666 493 728 550 ⁷3)

42 558 184 609 5GE.
212 555 428 609 Obsecro
456 570 519 605 te.
580 559 718 604 PHE.
757 556 808 606 Si
838 553 1069 620 rogabit?
1105 555 1164 613 74)

1233 553 1329 602 GE.
1358 557 1413 601 In
1446 566 1499 602 te
1534 519 1537 521 Ι

438 625 545 689 spes
567 625 645 673 est.
711 623 858 671 ΡΗΟ.
885 626 1013 671 Ecce
1032 638 1086 669 re
1108 625 1146 679 *)
1169 626 1230 682 75)

85 690 223 760 Quid
242 689 280 740 fi
308 690 515 742 reddet?
535 689 600 753 76)
665 691 763 739 GE
805 694 892 739 Tu
924 687 1172 754 impulisti.
1239 689 1384 737 ΡΗΟ.
1416 688 1500 738 Sic

70 829 231 878 -ΡΗΟ,
260 824 396 884 Cedo
416 756 1225 886 sgggzoxssggagssmssbglesxgheta
1253 824 1367 872 sunt
1395 839 1500 872 cor·

443 893 505 942 de
525 892 727 943 consilia
744 894 925 943 omnia.

87 962 187 1012 GE.
220 960 356 1029 Quid
383 961 534 1029 ages?
597 962 746 1010 ΡΗΟ.
788 961 913 1028 quid
944 959 1058 1009 vis?
1077 962 1141 1017 79)
1186 956 1271 1007 nifi
1302 971 1363 1006 ut
1398 975 1502 1006 ma·

441 1043 561 1078 neat
581 1029 821 1078 Phanium
843 1033 909 1085 8⁰)
936 1043 1093 1094 atque
1110 1046 1138 1076 e
1162 1027 1372 1076 crimine
1401 1024 1501 1073 hoc

89 1095 429 1164 Antiphonem
454 1098 662 1162 eripiam
680 1110 836 1162 atque
854 1113 1055 1144 omnem
1085 1096 1139 1144 in
1167 1111 1246 1142 me
1271 1095 1399 1142 iram
1421 1093 1502 1141 de·

442 1165 597 1212 rivem
619 1164 777 1229 patris
791 1166 814 1209 ’ἓ
835 1165 874 1221 *)
970 1206 992 1213 ,

23 1254 73 1282 ιο
88 1231 184 1281 GE
228 1230 276 1277 Ο
304 1232 383 1280 vir
409 1230 553 1280 fortis
583 1245 737 1298 atque
769 1230 977 1279 amicus.
1019 1232 1201 1278 Verum
1232 1229 1332 1278 hoc
1359 1229 1503 1296 saepe

446 1297 682 1346 Phormio

92 1369 294 1424 Vereor,
310 1369 478 1424 nec8¹)
495 1367 536 1423 ’)
557 1366 704 1414 istaec
715 1361 958 1414 fortitudo
978 1363 1030 1410 in
1042 1368 1322 1425 nervum82)
1342 1379 1502 1413 erum·

446 1445 538 1501 pat
555 1432 786 1501 denique.
849 1431 994 1478 ΡΗΟ.
1029 1429 1109 1488 ab,

153 1559 212 1606 7¹)
238 1556 284 1592 ad
301 1569 360 1591 me
406 1556 471 1602 7²)
493 1555 695 1602 periculum
712 1554 905 1602 protrivisti
925 1564 962 1589 et
976 1553 1194 1601 praeparasti
1239 1554 1304 1600 73)
1330 1565 1505 1601 praepara

197 1625 235 1651 te
271 1614 335 1659 74)
354 1612 587 1657 interrogabit
608 1612 698 1660 quid
713 1613 779 1648 erit
821 1612 860 1658 ')
878 1613 969 1648 edic.
986 1624 1022 1648 ec
1037 1614 1155 1648 Bentl.
1178 1623 1300 1646 eccere
1346 1614 1406 1655 75)
1424 1624 1507 1657 pro·

199 1669 399 1706 videndum
426 1669 475 1704 est
500 1669 539 1703 in
560 1668 664 1704 causa
703 1670 762 1714 76)
790 1668 890 1703 illam
926 1669 991 1714 77)
1018 1668 1121 1703 illum
1139 1667 1331 1703 ducturum
1377 1670 1440 1714 78)
1458 1667 1509 1702 fe·

197 1728 288 1764 riam
306 1726 396 1761 meis
414 1725 531 1760 verbia
578 1728 641 1772 79)
660 1737 700 1761 nt
718 1737 822 1771 agam
867 1728 926 1768 80)
951 1738 1034 1759 eum
1054 1724 1261 1772 Antiphone
1310 1725 1346 1768 ')
1369 1727 1458 1761 edit.
1470 1738 1508 1761 et

199 1786 321 1823 Bentl-
338 1782 432 1819 [onia
476 1783 543 1829 8¹)
558 1782 615 1817 vel
629 1795 689 1818 ne.
725 1782 757 1823 ')
774 1783 866 1818 edic.
885 1794 923 1818 et
936 1783 1056 1818 Bentl-
1075 1794 1123 1816 ne
1166 1783 1232 1827 82)
1256 1781 1296 1816 in
1312 1781 1506 1829 stuporem.

224 1887 335 1922 Αοτ.
361 1885 408 1919 11.
453 1883 590 1919 Scau.
616 1896 652 1919 a.

140 1949 176 1985 3·
200 1945 255 1979 ad
278 1954 316 1979 ee
340 1956 463 1978 rerum
476 1945 620 1987 summa
636 1941 762 1983 redit]

94 1999 251 2034 Locutio
270 1999 383 2034 sumta
406 1997 450 2031 ab
470 1997 526 2036 iia.
551 1996 681 2042 quibus
701 2008 765 2031 ant

81 2055 317 2102 ‘reipublicae
335 2067 421 2090 cura
437 2064 499 2088 aut
510 2052 689 2087 bellorum
706 2064 765 2098 ge-

76 2111 295 2148 'nmdomm
332 2111 555 2159 praefectura
579 2107 764 2143 mandata.

97 2168 147 2203 lia
168 2169 265 2203 enim
282 2172 428 2216 summa
446 2181 571 2203 rerum
586 2164 767 2199 committi

99 2224 245 2262 dicitur.
266 2224 365 2261 Caes.
387 2224 433 2259 de
449 2225 491 2258 Β.
510 2223 555 2257 C.
574 2222 636 2256 111.
656 2229 690 2262 5.
714 2221 768 2255 ad

99 2279 346 2327 lunt-estunam
366 2282 515 2325 imperii
541 2277 768 2321 respiciebat.

99 2349 133 2370 v.
151 2336 339 2372 Drakenb.
368 2336 414 2370 ad
435 2337 512 2370 Liv.
534 2334 632 2368 Vm.
648 2332 707 2367 26.

147 2397 182 2435 4.
217 2395 308 2427 Tute
333 2392 400 2427 hoc
426 2389 587 2436 intristi]
637 2389 662 2424 i.
679 2401 710 2424 e.
730 2398 771 2423 tu

102 2447 212 2482 huius
241 2448 328 2481 mali
359 2458 485 2481 auctor
511 2458 569 2484 ee.
603 2454 642 2479 tu
662 2445 771 2479 etiam

105 2515 257 2550 poenam
288 2503 377 2538 lues.
422 2501 640 2549 Metaphora
668 2512 688 2533 a
716 2511 775 2545 ge·

105 2572 190 2592 nere
217 2557 290 2593 cibi
319 2558 417 2604 quod
443 2560 615 2594 intritum
633 2566 773 2591 vocant.

106 2627 137 2648 v.
153 2615 334 2659 interpret.
358 2612 404 2646 ad
423 2612 576 2648 Phaedr.
594 2613 622 2646 1.
642 2613 699 2647 26.
714 2624 749 2657 7.

153 2678 186 2712 5.
208 2670 360 2714 eccere]
406 2669 463 2704 vel
488 2681 558 2716 pro
580 2681 660 2704 ecce
685 2667 776 2703 diei·

108 2736 186 2764 tur,
218 2725 275 2759 vel
294 2724 344 2761 est
363 2725 418 2761 ina
438 2724 649 2765 iurandum,
676 2724 776 2773 quasi

838 1884 938 1919 dicas
954 1897 964 1916 ε
988 1895 1053 1929 per
1071 1882 1259 1922 Cererem,
1285 1894 1325 1919 ut
1345 1887 1508 1932 Ecastor.

840 1943 1024 1987 Aedepol.
1070 1950 1140 1976 etc.
1175 1952 1208 1974 v·
1241 1940 1329 1976 rest.
1364 1941 1405 1976 in
1437 1941 1509 1976 hae

839 2011 943 2034 voce.

886 2067 920 2099 7.
955 2053 1053 2089 cedo
1072 2052 1218 2098 senem]
1273 2051 1297 2088 i.
1327 2066 1363 2089 e.
1390 2054 1512 2089 veniat

839 2109 868 2145 fi
885 2109 971 2148 vult,
984 2106 1134 2142 Phaedr.
1147 2108 1193 2145 V.
1203 2119 1237 2141 2.
1253 2113 1288 2150 4.
1301 2110 1389 2143 cedo
1403 2111 1512 2147 illum

842 2170 918 2203 iam
937 2166 1072 2202 atrab·
1083 2166 1227 2211 sentiae
1240 2178 1331 2211 ques
1352 2175 1422 2200 ete.

886 2235 922 2268 9.
943 2225 983 2258 ἰη
1004 2235 1059 2256 me
1067 2233 1208 2255 omroem
1223 2223 1318 2257 iram
1332 2224 1512 2268 derivem]

845 2278 871 2312 i.
900 2291 931 2312 e.
971 2287 1189 2312 convertam.
1222 2277 1302 2312 Cic.
1331 2278 1379 2312 ad
1404 2281 1514 2315 Attic.

844 2333 908 2368 IV.
938 2340 973 2375 3.
1002 2334 1044 2368 id
1070 2344 1217 2376 poterae
1234 2336 1421 2378 inficiari,
1452 2350 1517 2379 ρο-

847 2402 947 2426 terae
968 2392 1011 2425 in
1030 2391 1129 2425 alios
1157 2390 1334 2427 derivare
1355 2404 1420 2438 pro
1444 2393 1517 2427 Mi·

847 2444 934 2480 lone
955 2459 986 2480 c.
1010 2458 1063 2479 ιο.
1081 2447 1204 2481 dicam
1221 2461 1298 2482 non
1310 2449 1517 2484 derivandi

847 2505 1015 2538 criminis
1034 2504 1222 2549 confused
1234 2514 1275 2539 ue
1283 2505 1437 2548 factum
1452 2506 1516 2549 ese.

846 2570 880 2592 v.
903 2557 1073 2592 Lambin.
1093 2557 1140 2591 ad
1153 2560 1293 2594 Lucret.
1312 2560 1359 2594 11.
1380 2562 1461 2603 365.

898 2626 950 2648 ιι.
975 2628 1021 2650 ne
1037 2617 1150 2660 istaec
1159 2616 1358 2658 fortitudo
1376 2620 1417 2651 in
1437 2630 1518 2651 ner·-

847 2685 938 2706 vum
955 2674 1150 2716 erumpat]
1195 2669 1234 2704 h.
1256 2683 1287 2705 e.
1306 2683 1354 2705 ne
1372 2682 1518 2717 propter

851 2726 954 2763 issam
1005 2726 1255 2764 fortitudinem
1293 2726 1336 2762 in
1371 2726 1518 2765 vincula
1565 2765 1580 2779 ο
