1708 3106
180 160 275 208 168
720 162 1047 230 HECYRA.

130 293 307 346 5PAR.
341 296 543 346 Maneo.
609 294 759 347 PAM.
794 300 876 350 Sic
896 313 946 349 te
968 299 1135 351 dixisse
1155 303 1350 369 opinor.
1382 299 1599 355 Invenis-

300 416 302 418 .
535 365 580 414 se
602 364 662 428 86)
698 369 988 433 Myrrinam,

175 428 450 481 Bachidem
486 433 699 483 anulum
745 437 889 485 suum
935 436 1133 487 habere.
1197 437 1335 487 PAR.
1369 441 1607 490 Factum.

534 505 686 551 PAM.
717 503 842 552 Eum
865 502 930 566 87)
965 524 1114 572 quem
1137 504 1255 554 olim
1277 507 1323 554 ei
1343 511 1404 566 88)
1436 503 1564 555 dedi.

176 569 351 632 anue
371 572 431 629 89)
466 566 565 619 hoe
587 584 635 619 te
666 570 786 620 mihi
808 575 1040 622 nuntiare
1073 572 1215 623 iuffit.
1281 578 1422 623 Itane
1443 573 1512 623 est
1529 571 1601 621 fa·-

538 638 711 687 ctum?
760 639 913 688 PAR.
948 645 1023 689 Ita
1041 643 1266 709 inquam.

176 704 325 753 PAM.
345 705 472 770 Quis
500 723 587 822 mel
615 708 683 755 est
711 707 1035 769 fortunatior,
1065 710 1441 776 venustatisque
1466 706 1596 757 adeo

212 803 214 806 -
591 776 764 825 enior?
1241 813 1244 818 .

173 841 344 905 Egone
364 858 459 908 pro
481 787 580 892 boli:
600 845 851 959 tssevnuntio
874 843 1002 913 quid
1020 845 1234 896 donem?
1266 845 1370 918 qui,
1384 846 1422 905 *)
1457 841 1596 910 quid,

490 944 493 947 -
534 929 597 959 ne
619 929 711 962 clo.
1271 937 1276 943 ·

107 993 155 1023 ιο
170 976 303 1024 PAR.
326 981 390 1026 At
408 996 501 1044 ego
532 980 644 1029 scio.
713 979 862 1028 PAM.
894 980 1049 1048 quid?
1117 981 1251 1029 PAR.
1278 977 1419 1029 Nihil
1449 978 1595 1027 enim.

174 1044 309 1092 Nam
335 1062 504 1113 neque
533 1047 585 1094 in
618 1051 820 1106 nuntio,
848 1050 911 1106 90)
955 1066 1122 1116 neque
1153 1049 1205 1097 in
1238 1065 1318 1096 me
1357 1047 1462 1114 ipso
1501 1045 1595 1094 tibi

140 1110 152 1117 ⁴
533 1115 657 1181 quid
692 1114 749 1165 fit
775 1115 897 1164 boni
928 1117 1039 1165 scio.

171 1180 321 1227 PAM.
356 1184 495 1247 Egon
518 1184 609 1248 qui
632 1183 695 1232 ab
720 1202 842 1234 orco
863 1190 924 1242 9¹)
960 1197 1216 1232 mortuum
1245 1200 1324 1231 me
1357 1180 1594 1231 reducem

532 1252 586 1298 in
618 1250 782 1301 lucem
817 1252 992 1302 feceris
1404 1304 1408 1307 ,

170 1312 344 1364 Sinam
370 1314 470 1366 fine
501 1336 707 1368 munere
736 1338 766 1368 a
797 1339 875 1369 me
909 1318 1082 1370 abire?
1147 1316 1238 1366 Ah.
1266 1316 1494 1368 Nimium
1514 1331 1593 1368 me

528 1388 780 1453 ingratum
805 1402 972 1454 putas.

173 1450 268 1500 Sed
290 1452 561 1503 Bachidem
585 1474 755 1505 eccam
778 1457 926 1506 video
949 1456 1072 1504 stare
1108 1467 1224 1503 ante
1253 1453 1444 1501 ostium.

101 1527 151 1569 25
165 1523 253 1568 Me
274 1534 508 1586 expectat
526 1523 703 1581 cred03
736 1523 901 1590 adibo.
968 1528 1066 1572 BA.
1100 1521 1247 1573 Salve
1265 1517 1540 1586 Pamphile.

167 1587 321 1635 PAM.
358 1591 402 1637 Ο
424 1587 619 1639 Bachis.
656 1595 698 1639 O
728 1609 838 1640 mea
859 1591 1057 1654 Baehis.
1093 1589 1329 1639 servatrix
1347 1606 1471 1636 mea„
1544 1610 1547 1613 ·

171 1659 269 1705 BA.
303 1659 442 1715 Bene
463 1657 652 1707 facturn
677 1673 726 1723 et
746 1658 932 1726 volupe
952 1660 1030 1723 est.
1051 1659 1117 1718 9²)
1163 1656 1313 1704 PAM.
1352 1655 1514 1706 Factis
1526 1658 1589 1717 93)

200 1741 202 1743 ·
526 1739 585 1773 ut
602 1726 802 1776 credam
823 1727 962 1784 facis,

167 1789 547 1860 Antiquamque
571 1792 698 1844 adeo
721 1798 783 1856 94)
815 1809 955 1844 tuam
975 1793 1284 1844 venustatem
1305 1790 1541 1839 obtines?

229 1902 288 1946 86)
317 1901 430 1937 modo
491 1906 552 1948 87)
584 1904 733 1938 anulum
788 1908 847 1947 88)
873 1903 1029 1939 Bachidi
1092 1903 1156 1949 89)
1181 1900 1316 1936 Baebia
1371 1899 1407 1946 ⁴)
1433 1901 1523 1936 edit.
1551 1913 1587 1936 et

276 1961 398 1995 Bentl.
420 1959 508 2006 quid
557 1961 623 2006 9ο)
647 1961 687 1995 in
704 1974 744 1995 ea
764 1975 801 1997 re
822 1961 918 1997 unde
932 1960 1097 1996 nuntiavi
1143 1963 1204 2005 9¹)
1223 1957 1366 1993 inferno
1411 1957 1479 2005 92)
1495 1957 1588 1992 omi-

271 2015 401 2051 nosum
422 2028 457 2054 et
479 2015 577 2053 bono
601 2019 750 2066 augurio
795 2020 861 2065 93)
889 2019 958 2053 tuis
999 2018 1067 2064 94)
1091 2025 1197 2051 certe.

212 2154 246 2188 7.
279 2145 402 2189 anue
431 2141 559 2189 iuffic]
606 2144 770 2180 notanda
789 2143 839 2179 est
913 2140 1022 2178 Trist.
1034 2141 1081 2177 V.
1097 2153 1132 2187 9.
1154 2152 1206 2187 ¹9·
1222 2141 1439 2185 J‘emineceni
1449 2142 1587 2192 stygia

167 2199 343 2234 orationis
394 2198 560 2235 infinitae
612 2201 651 2237 in
696 2201 839 2236 finitam
912 2199 1213 2245 revocastisblus
1234 2199 1412 2234 abunda.
1451 2196 1587 2230 Simili-

163 2256 320 2290 mutatio
351 2257 497 2302 optimis
528 2258 733 2307 quibusque
757 2258 840 2294 seri-
913 2267 967 2292 ter
986 2255 1111 2290 Florus
1134 2255 1182 2289 11.
1203 2254 1238 2290 6.
1262 2261 1344 2300 295.
1360 2256 1512 2290 inter-im
1530 2268 1587 2289 re-

163 2312 329 2359 ptoribuu
364 2312 542 2361 usurpata.
593 2315 723 2351 Oratio
751 2329 839 2364 pen·
907 2316 1056 2361 spirare
1073 2312 1267 2347 Romanus
1284 2323 1321 2348 et
1339 2307 1445 2360 quast
1465 2311 1513 2346 ab
1530 2313 1586 2346 ἰη-

165 2367 227 2403 det
247 2381 268 2403 a
289 2368 395 2404 verbo
414 2371 561 2418 diaezffie.
904 2370 1007 2415 feris
1025 2381 1210 2412 emergere
1227 2366 1291 2402 ubi
1311 2379 1342 2401 v.
1357 2379 1448 2416 quos
1459 2366 1586 2403 laudat

210 2433 245 2466 8·
279 2429 487 2473 venustatis
514 2430 686 2473 plenior-J
750 2428 775 2465 i.
804 2441 836 2463 e.
912 2425 1053 2461 Duker.
1079 2438 1115 2472 p.
1135 2433 1215 2468 317.

164 2480 319 2516 felicior.
397 2487 628 2528 Venuskatem
664 2484 836 2533 exquisite
960 2494 1015 2527 ¹7·
1038 2481 1183 2525 factis]
1211 2480 1235 2514 ἶ·
1256 2492 1287 2515 e·
1307 2493 1345 2515 re
1364 2480 1581 2528 ipsa-Plint-

165 2537 212 2573 de
230 2537 406 2574 felicitate
433 2540 506 2574 dici
539 2541 585 2576 ad
602 2541 715 2576 Andr.
747 2543 774 2576 Ι.
798 2550 833 2585 5.
910 2539 950 2574 in
971 2537 1126 2573 Baehid.
1150 2538 1213 2571 IV.
1236 2541 1271 2581 4.
1298 2545 1357 2580 53.
1377 2536 1584 2585 quidumihz·

166 2606 221 2629 ιο.
242 2593 465 2631 ostendimus
908 2596 1026 2640 refer-e
1041 2594 1219 2642 Chrysalo
1239 2595 1308 2638 effi
1328 2608 1479 2635 nomen,
1508 2593 1583 2639 ηξΙῖ

211 2664 264 2686 12.
291 2653 337 2687 ab
358 2667 442 2690 orco
460 2658 547 2696 eta]
582 2654 621 2689 h.
642 2667 672 2689 e.
693 2652 755 2699 qui
774 2666 832 2688 me
899 2653 1024 2697 factis
1046 2652 1175 2696 probo.

161 2721 182 2743 ο
224 2707 371 2744 Iummis
423 2711 593 2755 angustiis
644 2710 831 2756 eripueris.
958 2718 1010 2750 18.
1036 2710 1289 2754 venustatem]
1337 2707 1362 2741 i.
1390 2719 1421 2740 e.
1440 2704 1582 2750 elegan-

158 2763 261 2800 Idem
281 2765 509 2812 proverbium
530 2766 579 2802 est
604 2766 701 2813 apud
722 2765 830 2802 ovid.
907 2765 1000 2800 tium
1035 2778 1189 2800 morum.
1230 2764 1310 2799 Cic.
1345 2774 1412 2810 pro
1448 2760 1581 2798 Archia
