1664 3100
541 144 678 189 Ac‘r.
708 144 742 189 1.
805 141 979 191 Scau.
1010 141 1067 191 II.
1416 169 1505 201 ιιι

97 274 251 339 1⁴:08¹)
286 289 536 326 amantem
565 274 783 325 invitum
846 274 1164 343 Pamphilum
1194 282 1417 334 extrudit
1449 290 1515 348 δ’)

518 357 603 392 ter.

98 410 319 479 Reliquit
333 413 374 472 ⁸²)
406 361 522 460 aiiii
544 422 703 458 matre
724 408 810 459 hic
840 427 1064 460 uxorem.
1130 416 1263 464 Nam
1286 416 1433 467 senex
1449 425 1513 481 83)

0 499 80 528 100
94 481 199 529 Rus
233 477 428 528 abdidit
452 478 567 535 sese,
586 474 660 578 *)6
680 476 780 528 huc
819 495 936 528 raro
969 480 1022 527 iu
1058 480 1238 532 urbem
1267 487 1333 545 85)
1379 504 1512 537 com-

449 558 595 594 meat.
615 550 637 585 8
660 550 677 604 )
1064 559 1067 561 ’
1319 571 1327 578 ·

95 614 218 663 PHI.
250 609 386 681 Quid
404 613 574 662 adhuc
596 611 786 662 habent
802 611 1105 665 infirmitatis
1132 621 1376 685 nuptiae?

95 679 228 731 PAR.
251 731 262 737 ,
278 683 326 731 N
333 698 435 731 unc
448 679 657 797 laudies.
703 682 927 747 primurn
958 681 999 745 ³¹)
1049 682 1157 735 dies
1205 688 1510 755 conpluscu-

363 802 366 804 ,
470 766 528 798 os
555 752 617 809 87)

92 821 229 867 Bene
247 815 582 867 conveniebat
599 815 712 865 sane
728 817 860 866 inter
879 834 980 867 eas.
1001 820 1066 878 88)
1103 822 1307 871 Interim

91 886 237 934 Miris
261 884 426 934 modis
449 882 600 933 odisse
629 885 797 951 coepit
815 887 876 946 89)
912 885 1194 937 Sostratam.
1214 895 1279 950 90)

0 962 75 1009 ιο5
84 955 270 1020 Neque
288 951 401 1002 lites
420 950 555 1001 ullae
574 953 705 1000 inter
724 970 833 1010 eas,
867 954 1137 1019 postulatio
1166 959 1232 1016 9¹)

94 1023 388 1088 Nunquam.
452 1019 580 1068 PHI.
613 1019 746 1086 Quid
775 1021 960 1086 igitur?
1027 1025 1162 1075 PAR.
1206 1027 1259 1076 Si
1298 1028 1508 1095 quando

450 1087 515 1137 ad
539 1105 649 1135 eam
667 1095 731 1144 9²)
767 1090 1032 1140 accesserat
1051 1096 1114 1152 93)

94 1153 509 1212 Confabulatum,
538 1155 709 1214 fugere
728 1157 792 1216 94)
825 1174 853 1205 e
874 1160 1144 1226 conspectu
1174 1159 1305 1219 ilice,

88 1221 272 1271 Videre
287 1222 432 1271 nolle.
451 1228 513 1283 95)
580 1224 816 1289 Denique
839 1223 929 1272 ubi
951 1244 1055 1275 non
1088 1229 1251 1294 quivit
1270 1233 1388 1295 pati,
1408 1230 1475 1292 96)

92 1288 308 1339 Simulat
338 1290 385 1338 se
411 1307 441 1338 a
476 1302 636 1404 rgatre
665 1289 847 1339 accerfi
866 1293 901 1353 *j
947 1293 1014 1342 ad
1041 1312 1150 1343 rem
1181 1295 1413 1347 divinam.
1443 1305 1508 1362 97)

445 1363 485 1404 A
526 1357 608 1410 iit;
1544 1361 1548 1363 ”

0 1446 72 1475 uo
86 1423 188 1473 Ubi
208 1423 311 1473 illic
329 1429 392 1485 98)
426 1423 531 1473 dies
555 1424 623 1471 est
644 1423 942 1490 compluris,
984 1427 1163 1476 accersi
1185 1429 1328 1479 iubet
1347 1436 1411 1493 99)

93 1493 283 1540 Dixere
301 1507 422 1540 tunc
442 1492 635 1540 causam
662 1493 825 1540 nescio
845 1511 1025 1560 quarm
1057 1498 1240 1545 iterum
1269 1499 1413 1549 iubet
1439 1507 1474 1562 ¹)

92 1562 259 1610 Nemo
284 1557 475 1607 remisit.
499 1563 538 1619 ²)
605 1561 871 1626 Postquam
897 1564 1157 1611 accersunt
1177 1566 1388 1630 saepius,

93 1633 303 1692 Aegram
327 1627 421 1675 esse
442 1624 673 1674 fimulam:
694 1627 963 1678 mulierem.
988 1632 1153 1680 nostra
1176 1638 1216 1692 3)
1249 1632 1368 1684 ilico

88 1700 132 1744 lt
161 1695 313 1745 visere
334 1699 373 1756 4)
407 1712 531 1743 eam.
554 1699 593 1753 ξ)
613 1693 654 1754 *)
719 1695 940 1746 Ammifit
962 1695 1002 1759 6)
1025 1703 1065 1761 *)
1091 1704 1129 1762 7)
1157 1719 1319 1751 nemo.
1388 1707 1506 1756 Hoc

66 1768 68 1770 ’
443 1761 534 1811 ubi
558 1763 703 1811 senex
727 1768 768 1825 8)
1414 1766 1416 1769 ’

152 1905 220 1954 8¹)
244 1917 286 1941 ea
303 1918 341 1941 re
363 1905 408 1940 ad
427 1918 509 1941 eum
528 1905 652 1941 locum
698 1907 763 1952 8²)
780 1908 888 1944 eiecit
932 1911 962 1951 ')
980 1910 1071 1947 edit.
1082 1911 1255 1960 relinquit
1272 1916 1506 1955 improbante

133 2007 137 2010 Α
198 1964 320 2000 Bentl.
367 1967 426 2005 83)
454 1961 594 1997 Laches
640 1963 674 2004 ⁸)
698 1965 791 2000 edit.
815 1964 850 2000 se
877 1969 1111 2011 improbante
1134 1972 1255 2007 Bentl-
1309 1973 1375 2016 85)
1397 1974 1507 2008 Athe-

193 2032 322 2055 narum
388 2020 446 2060 86)
489 2020 529 2053 in
556 2019 643 2054 urbe
676 2033 919 2058 commoratur
986 2027 1021 2071 ')
1054 2029 1142 2064 alit.
1166 2041 1203 2064 ει·
1227 2030 1349 2064 Benel.
1385 2031 1504 2076 primo

195 2080 256 2119 87)
293 2077 494 2122 complures
564 2081 624 2119 38)
658 2078 753 2113 inter
784 2091 934 2115 matrem
966 2083 1151 2129 Pamphili
1184 2094 1219 2118 et
1251 2097 1397 2119 uxorem
1426 2087 1504 2122 eiua

195 2134 261 2178 89)
281 2131 496 2167 Philumena
541 2138 601 2179 90)
619 2145 769 2170 matrem
789 2136 853 2171 viri
874 2137 925 2171 sui
971 2143 1031 2185 9¹)
1045 2139 1290 2186 interpellatio
1336 2143 1403 2188 9²)
1422 2143 1506 2177 Phi-

191 2189 376 2224 lumenam
423 2190 488 2235 93)
513 2189 707 2226 accedebat
752 2194 818 2239 94)
836 2193 999 2240 fugiebat
1042 2200 1103 2241 95)
1123 2196 1271 2232 nolebat
1315 2199 1381 2244 96)
1402 2199 1503 2236 illam

194 2245 350 2280 vetulam
368 2245 562 2281 Sostratam
608 2248 644 2294 ⁴¹)
667 2250 760 2284 edic.
782 2249 923 2289 arceffi,
949 2252 1128 2299 atquefic
1145 2257 1238 2299 vers?
1248 2258 1351 2304 seqq.
1371 2259 1506 2303 impro-

198 2303 313 2339 bante
326 2305 448 2340 Bentl.
488 2308 552 2350 97)
586 2304 632 2338 ad
653 2304 866 2340 sacrificium
919 2308 985 2352 98)
1003 2308 1040 2342 in
1058 2308 1169 2343 domo
1189 2312 1313 2347 matris
1358 2319 1418 2360 99)
1439 2316 1507 2350 So-

194 2358 300 2394 strata
322 2359 574 2395 Philumenam
617 2366 651 2401 ι)
668 2361 821 2397 Sostrata
846 2364 887 2407 τι)
907 2363 1007 2397 illam
1031 2368 1067 2406 3)
1086 2363 1244 2402 Sostrata
1287 2371 1333 2414 4)
1350 2370 1503 2408 visitare.

196 2415 239 2458 5)
260 2415 314 2449 vel
339 2416 385 2450 ad
404 2429 484 2451 earn
529 2419 561 2458 ⁴)
586 2418 678 2453 edit.
701 2417 747 2451 ad
767 2430 846 2452 eam
864 2420 1045 2463 probante
1059 2424 1179 2458 Benel.
1226 2425 1264 2466 6)
1287 2426 1343 2461 vel
1361 2428 1505 2466 admisit

194 2470 228 2514 ⁸)
251 2472 343 2507 edit.
369 2485 406 2509 ec
424 2475 545 2510 Be'ncl.
574 2473 718 2508 admifit
762 2475 803 2519 7)
829 2487 908 2509 eam
926 2475 1025 2511 intus
1070 2481 1108 2519 8)
1126 2477 1281 2517 Lache..

0 2598 2 2644 l
140 2622 219 2656 ¹05·
242 2619 468 2664 postulatio]
497 2620 640 2660 dicitur,
664 2632 756 2667 quae
832 2626 934 2658 acris
951 2624 1153 2667 postulatio
1165 2625 1253 2661 haee
1268 2631 1332 2673 est.
1357 2628 1419 2664 Sic
1435 2645 1501 2675 po·

0 2703 2 2743 ι
88 2667 311 2716 frequentius
326 2674 562 2736 eupostulatio
577 2677 601 2712 i.
618 2689 649 2710 e.
670 2689 755 2722 que·
823 2680 967 2727 [tulare
984 2693 1048 2727 pro
1064 2686 1315 2729 expostulare,

0 2748 3 2806 ‚
86 2725 175 2760 tela.
186 2727 333 2764 Plautus
354 2730 683 2775 mBachidelng.
696 2740 754 2777 45.
878 2741 952 2779 ¹¹4·
988 2738 1107 2780 visere
1132 2741 1185 2776 ad
1208 2743 1313 2789 eam]
1358 2753 1426 2788 pto
1449 2743 1501 2777 vi-
