1708 3106
289 179 384 227 180

799 165 1179 229 PHORMm.

227 353 235 361 s
282 309 455 373 Iter‚*)
489 310 563 361 illi
585 317 646 373 98)
692 314 747 361 in
769 317 1011 364 Lemnum
1030 315 1095 377 99)
1139 327 1201 365 ut
1234 314 1351 374 isset,
1386 315 1428 375 *)
1461 312 1662 364 noster
1649 331 1703 362 ln

640 380 877 438 Ciliciam,

280 447 359 497 Ad
384 446 627 517 hospitem
659 454 692 509 ¹)
729 449 1008 515 antiquum.

637 515 784 565 stolas

1076 454 1121 499 Is
1146 453 1185 512 ²)
1219 451 1381 499 senem
1407 453 1446 510 3)
1479 467 1572 518 per
1601 449 1702 517 epi·

279 583 503 642 Pellexit,
527 588 566 643 4)
603 585 753 632 modo
779 590 817 643 5)
857 603 959 634 non
982 598 1178 634 montes
1209 584 1320 633 auri
1346 582 1604 647 pollicens.

277 654 382 701 DA.
413 655 504 700 Cui
528 667 674 702 tanta.
690 666 796 700 erat
814 671 895 701 res
920 651 961 713 6)
996 667 1045 701 et
1078 653 1364 718 supererat?
1388 659 1425 713 7)

209 741 263 769 20
280 723 375 768 GE.
411 719 640 777 Defina33
668 725 705 778 8)
739 718 803 768 fic
830 722 897 769 est
924 722 1193 786 ingenium.
1217 724 1256 781 9)
1323 721 1425 769 DA.
1462 725 1504 770 O
1533 737 1702 786 regem

639 805 717 834 me
741 788 832 836 esse
857 790 1095 854 oportuit.
1121 797 1178 849 ¹⁰)
1694 808 1701 819 ’

279 858 375 903 GE.
397 853 655 904 Abeuntes
681 854 830 910 ambo
854 856 972 904 hinc
993 861 1030 917 ⁸)
1062 870 1168 905 tum
1189 857 1326 910 senes
1347 873 1426 903 me
1447 853 1561 903 filiis

276 922 587 991 Relinquunt
618 920 754 1000 quasi
783 925 1082 990 magistrum
1147 927 1250 974 DA.
1291 927 1334 972 O
1355 927 1484 973 Geta
1501 922 1701 989 provin-

637 990 767 1040 ciam
800 996 856 1050 ¹¹)

278 1025 456 1123 Cepisti
481 1056 679 1116 duram.
707 1061 802 1106 GE.
825 1058 952 1107 Mihi
972 1060 1063 1114 usu
1086 1061 1148 1118 ¹²)
1167 1057 1207 1121 ⁴²)
1235 1060 1375 1114 venit
1394 1058 1563 1119 hoc¹3)
1589 1057 1699 1107 scio.

276 1127 485 1175 Memini
510 1127 597 1184 ¹3⁸)
632 1132 709 1175 me
732 1124 950 1193 relinqui
980 1130 1095 1176 Deo
1123 1129 1182 1187 ¹4)
1215 1129 1346 1176 irato
1373 1145 1498 1175 meo.

210 1205 263 1246 25
278 1194 432 1259 Coepi
454 1193 700 1243 adversari
727 1198 784 1253 ΙΙ5)
822 1195 998 1260 primo.

1068 1195 1202 1244 Ouid
1223 1190 1390 1245 verbis
1410 1212 1546 1322 epus
1566 1195 1668 1243 est?

277 1264 394 1312 Seni
416 1259 579 1310 fidelis
601 1260 719 1308 dum
743 1262 872 1319 sum,
909 1262 1138 1328 scapulas
1159 1262 1368 1330 perdidi.
1394 1272 1408 1294 ¹

280 1332 383 1379 DA.
417 1332 608 1378 Venere
631 1327 794 1376 mihi
781 1347 834 1376 m
864 1345 1080 1379 mentem
1099 1332 1273 1390 istaec3
1306 1348 1530 1399 namque
1555 1325 1640 1394 1”’)
1625 1346 1696 1378 ln-

636 1397 775 1445 scitia
797 1398 866 1446 est

333 1530 369 1576 ')
393 1531 486 1567 edic.
515 1542 553 1567 et
589 1531 708 1566 Benel.
740 1531 897 1578 diseing.
925 1530 1008 1574 pose
1035 1528 1141 1565 fimul
1205 1529 1273 1577 98)
1297 1529 1485 1566 Chremeti
1546 1530 1607 1576 99)
1630 1529 1700 1564 iter

378 1588 415 1633 ⁴)
440 1589 534 1624 edic.
561 1599 598 1622 et
625 1588 745 1623 Bentl.
775 1586 861 1622 esset
911 1592 943 1629 ι)
970 1587 1130 1622 amicum
1176 1589 1214 1627 2)
1242 1577 1374 1633 hospe-
1430 1587 1474 1633 3)
1497 1586 1701 1633 Demipho·

379 1656 463 1678 nem
513 1643 554 1688 4)
579 1642 685 1678 suasit
731 1645 774 1689 5)
801 1655 943 1680 tantum
998 1645 1036 1684 6)
1060 1654 1098 1678 ut
1119 1654 1221 1679 tanta
1236 1644 1464 1692 promitteret
1516 1643 1558 1689 7)
1581 1642 1700 1689 [uper-

379 1698 591 1734 abundabat
618 1699 683 1734 fibi
749 1702 790 1746 8)
817 1712 934 1736 cetera
963 1701 1173 1748 promittere
1229 1701 1273 1748 9)
1300 1711 1342 1736 ut
1369 1700 1523 1748 plurime
1550 1699 1700 1749 premit·

378 1767 458 1791 tant
513 1760 566 1796 ro)
595 1767 634 1791 ut
655 1756 781 1792 liceret
812 1757 903 1792 mihi
932 1756 1109 1791 iudicium
1138 1756 1302 1791 iudicare
1328 1769 1486 1804 aequum

1515 1786 1529 1793 ,
1537 1757 1578 1803 ')
1605 1758 1698 1792 edit.

377 1811 440 1846 hic
459 1815 557 1856 impr
539 1813 617 1847 r.ob
641 1814 884 1860 Bentl.11)
910 1812 1173 1860 providentiam
1232 1816 1288 1854 η)
1314 1825 1378 1859 per
1395 1812 1497 1847 usum
1551 1814 1582 1854 )
1605 1814 1697 1848 edic.

375 1867 457 1903 usus
476 1883 523 1913 pr
505 1869 582 1903 r.ob
603 1870 838 1916 Bentl.13)
858 1871 994 1904 malum
1045 1869 1135 1915 ¹3³)
1154 1869 1224 1903 hae
1245 1869 1322 1903 vice
1339 1869 1487 1915 quando
1504 1882 1700 1914 puerorum

379 1936 501 1960 curam
531 1921 667 1971 suscepi
738 1928 800 1973 14)
833 1939 854 1962 a
882 1928 964 1962 Deo
1021 1927 1082 1970 15)
1107 1924 1356 1961 contradicere
1406 1926 1467 1970 16)
1491 1925 1699 1972 vapulando

378 1981 468 2029 quia.
491 1978 557 2026 ipfi
591 1980 868 2046 adolescentes
868 1997 926 2018 me
954 1983 1152 2029 flagellant.

376 2039 480 2082 prob.
515 2039 638 2076 Bentl-

1217 1982 1251 2031 )
1276 1982 1371 2017 edit.
1400 1992 1487 2016 nem
1516 1992 1608 2028 quae
1633 1985 1698 2017 im-

320 2203 373 2237 18.
414 2197 522 2232 modo
549 2197 649 2242 non]
706 2197 732 2235 i.
761 2210 792 2232 e.
820 2210 950 2245 prope·

271 2251 444 2291 modum,
467 2251 552 2289 fere.
594 2253 664 2288 Alii
686 2254 874 2301 [criptoreo
896 2254 951 2289 di-

273 2319 361 2343 cunt
381 2320 531 2344 cantum
550 2325 637 2347 non.
659 2311 752 2346 Plin.
766 2311 802 2345 in
815 2313 949 2357 Paneg-

272 2377 304 2399 c.
326 2372 381 2406 23.
402 2378 557 2412 gracum
587 2370 686 2415 quod
706 2381 854 2405 cantum
872 2383 948 2405 non

272 2422 373 2456 ultro
402 2424 600 2460 clientibus
621 2428 803 2470 salutatis
834 2438 947 2470 quas—

272 2478 359 2512 dam
378 2479 669 2520 familiaritatis
697 2493 811 2518 notas
836 2483 950 2518 adde-

271 2547 330 2569 res
351 2533 412 2567 ubi
434 2548 464 2568 v.
485 2537 669 2571 Schwarz.

316 2603 459 2626 montes
481 2596 567 2628 aur-i
577 2594 598 2638 ]‚
620 2604 759 2629 montes
781 2604 816 2629 et
834 2594 948 2628 maria

269 2646 543 2693 proverbialiter
570 2648 616 2683 de
645 2650 895 2695 magnitudine
913 2661 949 2685 et

268 2702 506 2738 multitudine
532 2704 716 2743 dicuntur.
735 2707 877 2741 Sailust.
907 2707 947 2741 in

269 2756 382 2793 Catil.
419 2772 450 2800 c,
481 2769 540 2804 25.
575 2775 726 2808 repente
768 2764 945 2810 glorians

1025 2199 1150 2233 maria
1180 2205 1392 2241 montesque
1411 2195 1589 2239 polliceri
1619 2206 1697 2229 coe-

1022 2257 1082 2300 pit
1104 2253 1165 2288 ubi
1184 2265 1215 2286 v.
1238 2250 1418 2286 Conium.

1070 2322 1128 2346 υ.
1162 2307 1403 2356 magistrum]
1460 2306 1555 2341 infra
1586 2307 1633 2341 11.
1666 2319 1694 2340 ι.

1024 2373 1057 2413 4.
1077 2376 1182 2400 vocat
1199 2368 1429 2400 monitorem.

1069 2424 1126 2458 26.
1141 2424 1321 2469 stapulas
1331 2421 1486 2467 per-didi
1493 2420 1508 2464 J
1533 2418 1556 2453 i.
1571 2431 1599 2452 e.
1621 2417 1698 2464 pla-

1023 2479 1078 2526 gis
1098 2479 1289 2514 mulctatus
1306 2476 1396 2512 sum.
1416 2476 1533 2512 Plaut.
1556 2475 1594 2509 in
1613 2474 1698 2521 Epi·

1026 2536 1098 2571 die.
1129 2538 1158 2571 1.
1198 2548 1226 2570 1.
1266 2542 1323 2579 84.
1354 2537 1499 2571 corium
1528 2532 1696 2578 perdidi.

1023 2593 1175 2629 Servilee
1218 2603 1340 2627 autem
1375 2591 1502 2639 plagae
1538 2589 1696 2623 maxime

1025 2650 1180 2697 scapulis
1208 2648 1492 2697 imponebantur
1511 2646 1624 2680 plaut.
1652 2643 1693 2678 in

1025 2706 1105 2741 Cas.
1140 2707 1186 2740 V.
1223 2714 1257 2748 3.
1296 2718 1347 2740 ιι.
1382 2705 1490 2740 nullu
1516 2701 1695 2744 salu-refe

1012 2766 1182 2811 stapulis
1192 2763 1234 2808 fi
1250 2761 1540 2799 domum'red‘eo.
1593 2774 1596 2776 ⁷
