1664 3100
550 171 592 216 A
605 185 632 215 c
643 186 691 216 τ.
724 168 800 216 lv,

871 168 945 218 S'e
961 186 985 216 ε
997 187 1046 216 u.
1090 170 1147 217 V.
1474 171 1539 218 63

127 298 229 371 Qui
258 301 435 353 infelix
461 301 599 352 haud
619 301 681 366 89)
715 302 816 352 scio
845 319 912 352 an
938 301 1076 352 illam
1100 302 1272 352 misere
1300 306 1362 364 9⁰)
1391 321 1540 369 =nune

481 384 630 429 amat,

122 441 248 487 Cum
273 437 406 490 hanc
426 436 512 488 fibi
532 436 722 487 videbit
739 438 971 504 praesens
977 438 1237 555 1praesenti
1259 439 1403 504 eripi,

1012 525 1025 554 l

52 514 108 558 35
121 505 319 556 Abduci
351 505 415 556 ab
439 504 636 557 oculis?
669 507 888 556 Facinus
921 507 971 554 in

122 577 212 623 Mt
267 575 382 642 Qua

315 660 321 667 ‘
481 642 618 692 dedit
629 644 651 689 ’.Ρ

1029 525 1182 574 gnum
1217 520 1372 573 pater.

423 575 621 624 ratione
663 573 823 624 istuc?
895 575 1010 638 quis
1060 573 1353 640 despondit?
1421 576 1538 643 quis

125 710 250 758 cui?
285 709 492 778 qnando
516 707 716 777 nupsit?
742 714 936 759 Auctor
956 707 1035 758 his
1055 707 1210 759 rebus
1235 711 1353 778 quis
1377 710 1476 760 est?

124 780 228 826 Cur
249 777 395 829 duxit
413 777 627 828 alienam
642 781 665 826 ἱ)
731 778 827 826 ΑΕ.
861 785 941 826 An
961 777 1126 826 sedere
1145 779 1377 843 oportuit

120 844 271 895 Domi
315 846 557 914 virginem
596 859 701 896 tam
738 845 991 912 grandem,
1019 854 1082 909 9¹)
1124 846 1245 896 dum
1291 860 1539 913 cognatus

478 911 583 964 huc

19 979 311 1044 40111inc92)
346 983 541 1032 veniret
567 982 955 1048 expectantem?
995 982 1135 1031 Haec
1165 983 1233 1030 mi
1262 996 1408 1049 pater
1470 983 1476 990 “

116 1052 197 1097 Te
217 1049 386 1100 dicere
406 1052 474 1110 93)
514 1067 737 1117 aequum
765 1051 860 1099 fuit
893 1065 944 1099 et
968 1050 1022 1099 id
1051 1050 1328 1100 desendere.

118 1117 209 1166 Ml.
255 1117 552 1168 Ridiculum.
575 1121 639 1179 94)
688 1118 1201 1169 adversumneillum
1239 1120 1438 1168 causam
1472 1118 1540 1168 dt·-

473 1204 651 1243 cerem,

119 1252 211 1300 Cui
230 1269 462 1301 veneram
488 1252 807 1302 advocatus?
835 1252 933 1302 Sed
955 1252 1082 1319 quid
1099 1254 1188 1302 ista
1209 1259 1271 1314 95)
1300 1253 1540 1303 Aeschine

119 1319 335 1369 Nostra?
375 1333 467 1369 aut
484 1319 610 1386 quid
628 1318 776 1369 nobis
798 1338 918 1369 cum
939 1320 1039 1369 illis
1053 1325 1076 1368 ’ἓ
1108 1321 1377 1379 Abeamus,
1412 1321 1541 1389 quid

480 1388 577 1435 est?

46 1463 103 1515 45
118 1452 271 1521 Quod
290 1450 355 1517 96)
377 1454 417 1515 4”)
446 1453 699 1503 lacrumas
714 1457 736 1500 ’ἓ
767 1453 866 1503 ΑΕ.
896 1457 1056 1511 Pater,
1077 1454 1280 1504 obsecro
1300 1454 1538 1505 ausculta.

477 1525 566 1571 Ml.
599 1521 853 1580 Aeschine,
884 1522 1056 1573 audivi
1076 1525 1249 1572 omnia

169 1637 247 1703 ⁷895
265 1667 343 1690 non
379 1655 464 1703 9ο)
488 1666 611 1693 tenere
664 1658 733 1703 9¹)
758 1652 932 1690 annosam
989 1655 1058 1699 92)
1082 1653 1128 1689 de
1157 1654 1291 1690 Mileto
1352 1659 1413 1703 93)
1437 1655 1539 1704 quod

222 1724 291 1759 ego
319 1712 403 1748 dico
459 1718 521 1761 9⁴)
553 1728 610 1751 ren
638 1713 711 1749 risu
733 1713 845 1758 digna
902 1713 968 1758 95)
1004 1724 1098 1758 quae
1122 1711 1295 1747 dicuntur
1315 1712 1362 1748 de
1388 1714 1537 1759 virgine.

224 1767 314 1817 quid
341 1769 460 1805 nostra
484 1770 630 1808 interest
655 1770 711 1806 vel
741 1768 832 1818 quid
860 1767 907 1803 ad
934 1782 1003 1804 non
1028 1769 1198 1816 pertinet.
1264 1771 1331 1818 96)
1363 1771 1419 1807 vel
1447 1772 1539 1821 quid

224 1825 262 1872 ⁰)
282 1827 373 1864 edic.
390 1826 493 1874 quid.

169 1967 227 2007 34·
249 1970 420 2013 praesens
436 1967 638 2015 praesenti]
684 1968 794 2003 Bent-

122 2018 216 2055 leiua
245 2021 389 2058 idoneis
417 2025 617 2060 rationibus
643 2023 794 2058 demon-

120 2076 262 2118 stravit.
298 2080 493 2125 legendum
526 2081 596 2117 esse
621 2085 793 2130 praesens

121 2129 359 2179 praesentem.
380 2150 462 2172 cum
481 2149 618 2173 amator
626 2139 792 2184 praesens

121 2190 262 2228 videbit
292 2192 514 2241 praesentem
542 2194 699 2229 amicam
725 2194 792 2230 fibi

121 2247 227 2293 oripi.

167 2311 225 2349 37·
248 2307 419 2351 auctor]
454 2317 618 2342 auctores
647 2307 792 2355 nuptia-

120 2372 202 2396 rum
222 2359 303 2397 sunt
322 2374 500 2410 parentes,
521 2365 679 2410 cognati,
697 2375 794 2400 tuto-

120 2430 199 2457 res,
226 2418 288 2465 qui
305 2420 450 2466 nuptias
479 2431 540 2456 aut
558 2421 792 2456 confecerunt

122 2485 185 2510 aut
201 2474 399 2522 probarunt
418 2476 629 2513 aut-tabulas
647 2477 791 2522 nuptia—

120 2530 177 2566 10⁸
193 2530 437 2578 obsignarunt.
464 2547 498 2569 v.
518 2535 597 2571 Cic.
617 2547 684 2581 pro
706 2533 793 2569 Clu-

121 2596 198 2622 ent.
215 2600 248 2622 c.
260 2597 295 2631 5.
316 2600 352 2624 et
371 2590 424 2624 ibi
435 2591 564 2630 Graev.
589 2592 676 2626 Sine
700 2589 793 2625 eiua-

122 2643 227 2677 modi
247 2645 453 2682 auctoribus
480 2648 672 2686 mulieres,
699 2659 792 2694 quae

115 2700 168 2733 *bt
180 2699 277 2744 apud
298 2700 532 2739 Athenienses
555 2715 591 2738 et
612 2703 708 2750 apud
719 2703 793 2747 Rp·

122 2767 252 2792 manos
281 2756 322 2791 in
346 2770 522 2807 perpetua
546 2760 660 2797 tutela
678 2770 790 2801 erant,

869 1966 1018 2014 nuptias
1037 1965 1251 2002 contrahere
1268 1981 1344 2003 non
1358 1978 1543 2016 poterant.

868 2035 901 2057 v.
922 2023 1135 2058 Salmafium
1153 2023 1199 2059 de
1218 2025 1331 2060 modo
1356 2024 1541 2063 usurarum

869 2093 906 2128 p.
930 2081 1005 2122 165.

915 2144 971 2178 38.
998 2137 1102 2171 domi
1118 2138 1274 2183 sedere]
1321 2137 1370 2173 fic
1397 2139 1541 2183 elegan-

867 2202 922 2228 ter
951 2193 1085 2227 dicitur
1113 2194 1214 2238 virgo
1240 2206 1334 2241 quae
1362 2195 1542 2230 conditio-

868 2261 952 2283 nem
977 2247 1168 2295 exspectat.
1189 2250 1363 2297 Apuleiur
1384 2253 1423 2288 in
1433 2253 1540 2299 Apol.

867 2318 906 2353 p,
922 2318 980 2352 92.
1003 2306 1065 2339 ubi
1096 2318 1128 2340 v.
1151 2306 1357 2344 casaubon.

913 2371 970 2409 39.
995 2364 1202 2410 grandem]
1248 2366 1274 2400 i.
1302 2379 1335 2400 e.
1367 2365 1542 2412 grandem

867 2430 955 2454 natu
975 2421 1091 2455 Plaut.
1115 2421 1153 2454 in
1172 2422 1293 2456 Aulul.
1320 2424 1366 2457 11.
1394 2429 1452 2467 4²·
1487 2429 1540 2466 ¹4.

864 2477 1140 2525 grandz'ufiula
1155 2479 1207 2523 efi
1234 2478 1273 2512 in
1290 2478 1403 2514 Andr.
1423 2480 1486 2515 lv.
1504 2487 1541 2522 5.

872 2545 926 2579 ¹9·
1529 2550 1538 2560 ·

914 2590 1001 2626 hinc
1019 2592 1144 2636 illine]
1170 2591 1231 2627 Sic
1245 2591 1452 2638 legendum.
1463 2601 1541 2627 non

867 2647 937 2683 hnc
968 2650 1075 2684 illuc.
1116 2649 1168 2684 ita
1206 2649 1352 2697 reponit
1384 2646 1540 2682 idoneus

869 2705 1044 2739 Graevius
1067 2705 1114 2739 ad
1141 2705 1233 2741 Flor.
1254 2706 1319 2741 IV.
1335 2717 1370 2740 2.
1398 2718 1435 2753 p.
1458 2711 1540 2750 748.

864 2759 1061 2809 ediditque
1080 2763 1239 2799 Bentlei-
