1664 3100
139 136 207 190 86
670 141 1038 189 ADELPHI.

140 278 240 326 DE.
272 277 359 327 vDa
389 278 598 328 veniam.
682 279 776 326 ΑΕ.
819 280 900 327 Ne
931 293 1150 342 gravare.
1167 278 1254 336 82),
1315 277 1419 327 DE.
1453 281 1567 338 Fac,

504 345 751 410 promitte.
820 345 908 393 ΜΙ.
943 349 1064 395 Non
1090 345 1316 395 omittis?
1344 351 1405 406 83)
1593 401 1595 403 ,

75 435 129 464 20
144 413 239 463 ΑΕ.
282 416 424 474 Non,
477 411 576 463 nisa
600 426 649 462 te
682 430 894 463 exorem.
978 417 1076 462 M1..
1116 414 1204 462 Vis
1233 415 1294 473 84)
1339 415 1407 463 est
1440 406 1570 463 haeo

505 470 722 548 quidem.
798 475 900 538 DE.
935 473 1066 549 Age,
1120 479 1315 549 prolixe
1348 487 1410 544 85)
1478 482 1573 530 Mi-

504 551 597 598 cio.

150 621 240 666 ΜΙ.
268 614 363 666 Etsi
382 615 482 666 hoc
505 616 625 665 mihi
648 634 882 682 pravum,
921 618 1172 683 ineptum,
1206 614 1475 666 absurdum
1505 627 1576 665 at-

510 703 611 751 que
632 683 849 733 alienum
873 703 902 733 a
926 686 1029 734 vita
1051 702 1163 733 mea
1183 682 1244 741 36)

146 751 376 811 Videtur,
409 750 445 801 fi
465 771 556 802 vos
578 766 846 819 tantopere
867 754 991 802 istuc
1011 751 1178 812 vultis,
1210 750 1311 802 fiat.
1369 755 1459 799 AE.
1482 755 1577 799 Be-

514 839 576 869 ne
598 821 736 869 facis.

158 888 345 938 Merito
373 905 487 938 amo
515 902 579 938 te.
655 891 755 936 DE.
803 887 987 936 Verum
1031 887 1155 955 quid
1195 904 1287 954 ego
1329 885 1505 946 dicam,
1535 888 1578 949 ⁸¹)

512 955 610 1005 hoc
632 974 748 1005 curn
770 954 828 1004 fit
848 959 913 1018 **)
953 956 1093 1022 quod
1115 954 1267 1004 volo?

154 1022 292 1090 Quid
323 1041 462 1073 nunc
484 1025 622 1091 quod
650 1025 831 1072 restat?
898 1026 1060 1090 Hegio
1102 1026 1170 1101 est
1206 1022 1285 1072 his
1330 1035 1579 1089 cognatus

506 1110 808 1158 proxumus,

88 1168 144 1210 25
158 1156 334 1208 Affinis
355 1158 782 1275 nobisdpauper‚
814 1158 943 1208 bene
965 1177 1061 1209 nos
1091 1157 1288 1227 aliquid
1316 1158 1480 1208 facere
1507 1155 1583 1207 illi

555 1241 663 1276 ecet

166 1298 257 1344 Mt.
293 1294 429 1362 Quid
458 1294 657 1344 facere?
682 1297 742 1355 87)
818 1296 919 1342 DE
954 1298 1027 1359 Ag
1030 1292 1114 1342 elli
1146 1294 1215 1342 est
1237 1291 1319 1342 hic
1350 1291 1437 1342 sub
1456 1290 1583 1342 urbe

519 1361 801 1429 paululum,
839 1362 976 1429 quod
997 1313 1179 1411 lgooitas
1199 1366 1260 1422 88)
1294 1361 1425 1410 foris.
1447 1364 1487 1422 ³)

161 1431 297 1481 Huic
320 1429 496 1480 demus
521 1435 581 1490 89)
620 1450 652 1497 q
658 1433 710 1479 ui
739 1430 947 1479 fruatur.
966 1433 1030 1490 90)
1116 1429 1203 1479 ΜΙ.
1236 1427 1507 1478 Paululum
1533 1426 1588 1476 id

520 1451 691 1548 autein
713 1499 813 1549 est?
832 1502 866 1560 ²)
932 1500 1035 1548 DE.
1056 1497 1110 1549 Si
1127 1503 1189 1564 9¹)
1222 1495 1439 1547 multum
1459 1494 1529 1558 fit,
1546 1499 1587 1558 ⁴¹)

223 1653 289 1700 82)
321 1653 474 1698 gravaris
543 1653 608 1698 83)
639 1653 694 1688 vel
720 1654 888 1690 omittitis
921 1667 1031 1700 quam
1067 1655 1260 1690 lectionem
1291 1652 1431 1695 recepit
1463 1646 1586 1688 Bentl-

271 1713 330 1752 84)
363 1708 538 1743 violentia
602 1715 661 1753 85)
694 1710 852 1745 iocunde
915 1712 981 1756 86)
1023 1721 1064 1745 ut
1095 1709 1236 1746 vetulus
1266 1709 1423 1743 vetulam
1455 1707 1588 1744 ducam

271 1768 305 1808 *)
331 1769 422 1804 edit.
443 1767 503 1801 bic
519 1770 627 1812 ponit
646 1771 872 1815 interrogat.
893 1780 929 1802 ει
947 1770 1055 1804 tollit
1073 1771 1154 1814 post
1173 1766 1256 1801 volo
1319 1766 1371 1811 ⁴⁸)
1395 1768 1485 1802 edit.
1513 1767 1589 1802 hoe

274 1823 387 1858 confit
406 1827 514 1867 impr·-
531 1826 653 1860 Benel.
702 1826 767 1868 87)
789 1824 823 1858 ei
844 1822 1027 1870 poffumus
1075 1828 1134 1865 88)
1149 1823 1249 1857 locas
1270 1833 1306 1857 et
1324 1836 1388 1868 per
1406 1822 1478 1857 hoc
1497 1836 1589 1858 mer-

275 1879 401 1914 cedem
425 1879 537 1915 donas
585 1880 623 1924 ‘)
643 1881 733 1916 edit.
752 1879 848 1914 foras
897 1883 955 1925 89)
977 1879 1081 1913 illum
1129 1883 1188 1924 90)
1210 1878 1274 1913 illo
1298 1879 1328 1919 ⁴)
1352 1880 1443 1915 edic.
1465 1884 1588 1917 omitt.

275 1937 325 1971 est
344 1937 498 1981 improb.
523 1938 643 1971 Bencl.
710 1939 769 1982 9¹)
794 1935 893 1982 deest
911 1936 1021 1971 etiam
1043 1935 1220 1984 (etiamsi)
1266 1936 1303 1985 ⁴¹)
1331 1937 1392 1974 ed.
1422 1938 1512 1975 add.
1538 1948 1590 1975 ta·

274 2006 359 2029 meu
385 1994 489 2038 prob.
513 1995 634 2031 Benel.

219 2174 277 2199 πο.
294 2167 358 2202 vis
379 2164 470 2202 haee
487 2165 656 2215 quidem]
705 2165 755 2199 est
775 2162 846 2199 for·
922 2161 1120 2207 elegantius
1169 2160 1219 2196 est
1255 2162 1325 2206 sub
1370 2175 1491 2199 monce
1533 2178 1591 2199 ca-

174 2220 274 2255 mula
307 2235 449 2262 eorum,
499 2223 559 2270 qui
597 2222 844 2257 vehementius
911 2222 997 2266 stra
1031 2220 1163 2255 metari
1195 2229 1304 2266 quam
1337 2231 1457 2266 prope
1493 2236 1592 2257 mon-

174 2278 430 2323 premebantur
467 2280 521 2313 vel
553 2279 585 2313 vi
616 2290 762 2314 externa
789 2279 845 2313 vel
922 2288 1006 2313 tem·

175 2334 291 2369 verbis
314 2346 349 2370 et
366 2336 548 2375 oratione,
577 2336 656 2373 Cic.
686 2335 731 2371 de
751 2336 848 2370 Ami-
970 2332 1071 2380 quod
1088 2332 1370 2377 lucica-esurus]
1410 2332 1435 2366 i.
1449 2345 1479 2367 e.
1492 2333 1593 2380 quod

177 2391 239 2427 cit.
259 2404 289 2425 c.
309 2401 330 2433 8
369 2396 448 2428 vim
466 2393 534 2429 Ιιοο
557 2395 703 2442 quidem
720 2397 770 2440 esc
789 2395 847 2438 af-
920 2388 1119 2440 peregrinis
1141 2388 1239 2423 locas
1269 2388 1475 2423 colendum.
1511 2405 1519 2412 ·

167 2449 288 2494 ferr-fl„
346 2448 495 2485 Sueten.
523 2450 561 2484 in
593 2449 693 2487 Caes.
732 2464 763 2486 c.
790 2459 847 2494 82.
968 2459 1025 2492 27-
1051 2448 1149 2482 Huic
1173 2446 1299 2482 demus
1316 2448 1381 2493 qui
1406 2448 1589 2493 fruatur]

178 2508 250 2553 ista
269 2508 413 2552 quidem
431 2510 493 2542 vis
515 2511 576 2553 efi.
924 2505 950 2540 i.
963 2517 995 2539 e.
1015 2503 1102 2539 huic
1124 2501 1367 2538 concedamus
1386 2502 1592 2543 fruendum.

185 2569 187 2573 ’
224 2563 281 2597 26.
299 2564 370 2608 stab
386 2562 455 2598 bac
473 2566 575 2607 urbe]
627 2564 652 2598 i.
677 2577 708 2598 ο.
729 2563 775 2598 ad
795 2576 851 2598 ur·
924 2572 967 2598 ut
985 2572 1125 2597 annuos
1143 2559 1229 2594 iude
1249 2558 1384 2595 fructus
1403 2570 1439 2595 et
1454 2559 1593 2596 reditun

183 2618 279 2658 bern,
305 2632 418 2666 prope
439 2620 574 2659 urbem.
619 2621 661 2656 In
683 2620 753 2655 hac
779 2619 852 2655 for·
924 2618 1115 2667 pereipiat,
1140 2617 1190 2651 ita
1209 2627 1330 2652 tamen
1350 2628 1391 2652 ut
1410 2629 1491 2664 ager
1508 2624 1595 2653 tuus*

179 2689 239 2711 ma
261 2677 332 2722 sub
352 2676 516 2722 inprimis
536 2677 682 2725 ponitur
702 2677 739 2711 in
770 2689 852 2724 pro·
926 2685 1091 2714 maneat,
1114 2674 1230 2722 qualis
1247 2674 1345 2710 ICtis
1365 2676 1598 2720 usufructua-

178 2733 388 2782 pinquitate
424 2732 498 2768 loci
547 2726 724 2769 editioris.
789 2733 852 2769 Sic
925 2737 1008 2771 rius
1029 2731 1173 2768 dicitur.
1198 2732 1406 2769 Liv.XL11.
1428 2744 1481 2780 ¹9·
1525 2733 1599 2778 Qui
