1708 3106
627 174 768 219 Aer.
810 172 842 218 Ῑ.
921 169 1090 219 Scau.
1133 167 1212 218 III.
1447 143 1450 147 >
1528 171 1622 238 189

143 316 194 358 1⁵
208 305 344 373 Quid
363 323 456 373 ego
475 301 539 367 ²⁵)
573 322 635 354 ex
662 302 760 354 hac
781 304 952 420 inoEia
974 301 1033 363 ²⁶)
1072 319 1212 353 nunc
1244 304 1454 369 capiam,
1479 309 1544 367 ²7)
1572 321 1626 357 et

562 371 689 441 quid
711 386 767 420 tu
789 390 849 420 ex
905 389 964 421 ac
987 374 1052 431 ²⁸)
1086 372 1247 437 copia,
1267 375 1327 430 ²9)

206 445 275 491 Ut
298 458 362 490 ne
382 440 560 500 addam
588 440 727 507 quod
757 438 858 488 fine
887 441 1087 507 sumptu
1120 441 1414 505 ingenuam,
1446 440 1623 492 libera·

561 506 657 556 lem
680 520 896 557 nanctus
920 507 959 568 *)
993 526 1048 556 es
1073 506 1137 569 3⁰)

207 575 359 641 Quod
378 573 534 624 habes
557 577 628 624 ita
651 590 708 624 ut
726 574 921 624 voluisti
941 592 1150 625 uxorem
1169 578 1232 637 3¹)
1266 573 1367 624 fine
1402 575 1533 626 mala
1556 577 1622 627 fa-

561 661 640 691 ma
669 648 729 704 δ’)
763 642 944 709 palam,

206 713 409 770 Beatus,
427 707 491 773 33)
529 712 579 759 ni
604 729 763 759 unum
787 711 850 773 3⁴)
885 709 983 760 hoc
1006 709 1149 770 defit,
1181 712 1383 760 animus
1413 713 1500 779 qui
1518 731 1620 762 mo÷

562 778 692 827 deste
710 779 859 829 istaec
880 781 945 838 3⁵)
977 780 1113 829 ferat.

205 843 359 911 Quod
379 842 414 893 fi
435 842 528 894 tibi
546 863 627 895 res
651 862 766 894 cum
790 864 853 896 eo
876 846 1058 895 lenone
1077 845 1136 896 fit
1157 865 1382 915 quocum
1403 843 1467 909 36)
1497 846 1621 896 mihi

561 913 629 961 est
648 927 754 961 tum
777 916 971 963 sentias,
993 920 1054 975 3⁷)

132 984 276 1028 201ta
305 977 535 1047 plerique
563 981 765 1045 ingenio
799 983 968 1031 sumus
1002 1001 1201 1041 omnes,
1234 983 1389 1032 nostri
1411 987 1476 1044 38)
1506 1004 1620 1036 nos.-

555 1062 658 1095 met
687 1051 911 1113 poenitet

201 1114 353 1164 ANT.
377 1123 442 1163 At
462 1127 519 1163 tu
540 1115 659 1162 mihi
684 1130 862 1165 contra
881 1135 1022 1167 nunc
1040 1117 1210 1168 videre
1235 1122 1296 1179 39)
1328 1118 1617 1170 fortunatus

553 1181 778 1240 Phedria,
979 1209 990 1213 --

201 1249 297 1296 Cui
339 1247 402 1296 de
441 1249 634 1314 integro
658 1252 723 1307 4⁰)
777 1251 846 1298 est
872 1253 1091 1317 potestas
1131 1254 1284 1301 etiam
1325 1255 1616 1304 consulendi

557 1316 680 1382 quid
709 1316 848 1366 velis.

121 1420 148 1450 3
197 1382 454 1440 Retinere,
491 1400 683 1440 amare,
719 1386 957 1434 amittere.
1025 1390 1129 1452 Ego
1154 1387 1206 1434 in
1226 1403 1341 1435 eum
1366 1389 1522 1449 incidi
1543 1391 1614 1438 in-

154 1463 161 1473 *
554 1449 669 1498 felix
698 1449 889 1508 locum,

203 1519 276 1565 Ut
316 1518 484 1583 neque
519 1516 639 1565 mihi
673 1520 781 1567 eius
818 1518 876 1567 fit
909 1520 1189 1579 amittendi,
1235 1538 1329 1571 nec
1365 1524 1615 1574 retinendi

553 1603 712 1652 copla.
1167 1603 1174 1607 *

258 1741 318 1781 25)
355 1736 489 1772 doloris
557 1738 618 1779 26)
651 1739 782 1774 amoris
858 1741 923 1786 27)
963 1741 1061 1787 quod
1089 1754 1164 1775 non
1200 1741 1318 1776 habeo
1355 1744 1455 1790 quod
1498 1759 1616 1784 amem

300 1796 362 1835 28)
374 1796 611 1840 super-script.
632 1795 694 1830 ina
715 1810 809 1844 quae
834 1801 884 1842 esc
912 1800 1021 1833 lectio
1047 1799 1140 1834 edit.
1182 1801 1252 1845 ’29)
1279 1800 1403 1844 gaudii
1421 1803 1483 1850 qui
1502 1804 1615 1842 habes

306 1850 406 1896 quod
426 1863 524 1886 ames
572 1852 611 1897 *)
635 1854 724 1888 edit.
741 1863 776 1888 ee
797 1856 916 1889 Bentl.
935 1865 1061 1889 nactus
1118 1856 1183 1900 30)
1208 1857 1375 1892 invenisti
1432 1864 1491 1903 3¹)
1517 1863 1616 1909 quafi

302 1919 450 1942 uxorem
493 1911 618 1944 literis
648 1921 776 1945 ccx-tus
802 1914 935 1956 μῆρε.
996 1912 1061 1955 32)
1094 1913 1297 1948 meretricio
1325 1915 1424 1950 cultu
1490 1922 1547 1963 33)
1578 1933 1614 1954 ec

302 1964 368 2008 34)
387 1965 454 1999 tibi
502 1969 561 2008 35)
588 1977 723 2002 metum
742 1968 853 2014 patris
910 1969 969 2008 36)
995 1981 1076 2001 cum
1104 1982 1177 2016 quo
1205 1982 1287 2004 cum
1315 1971 1380 2005 tali
1401 1982 1473 2007 tam
1501 1975 1613 2014 dure.

302 2021 404 2055 euius
424 2022 576 2056 amicam
599 2035 681 2057 amo
743 2025 803 2067 37)
828 2033 984 2070 quantus
1009 2024 1113 2059 dolor
1134 2024 1177 2060 fit
1207 2028 1340 2062 amoris
1392 2034 1452 2071 38)
1477 2030 1614 2079 incepti

301 2078 367 2123 39)
392 2077 521 2113 videris
567 2079 636 2123 40)
659 2089 702 2113 ex
731 2089 822 2113 toto.

171 2335 175 2338 .
244 2301 300 2326 22.
323 2290 369 2324 de
388 2288 564 2334 integro]
607 2288 630 2321 i.
652 2300 682 2321 e.
701 2287 746 2322 de
762 2288 867 2324 rebus
943 2289 1031 2323 licre
1058 2291 1275 2334 potestatem
1302 2296 1380 2330 eius
1397 2294 1557 2332 habendi
1572 2301 1614 2344 se

200 2345 323 2379 adbuc
350 2345 494 2390 integris
527 2344 563 2376 in
594 2344 683 2377 Hec.
710 2345 736 2378 1.
771 2356 803 2380 2.
830 2354 865 2387 5.
942 2346 1045 2379 dam.
1067 2345 1175 2380 Ovid.
1207 2347 1307 2392 epist.
1328 2351 1406 2388 XX,
1429 2359 1482 2395 74.
1503 2357 1614 2399 eopia

199 2404 301 2437 alias
318 2413 359 2438 ut
378 2404 438 2436 uti
451 2400 582 2446 poffim
598 2404 710 2446 causa
727 2399 797 2434 hac
812 2405 867 2437 in·
938 2402 1149 2446 placandae
1169 2404 1226 2447 fit
1258 2407 1368 2440 modo
1390 2420 1511 2451 par-va
1543 2412 1613 2445 tui.

198 2469 317 2503 tegra,
338 2457 398 2491 ubi
418 2456 490 2491 vid.
512 2467 587 2490 not.
940 2457 1103 2491 ιδεμ-ι.
1115 2459 1336 2496 Miuerv.111.
1349 2469 1382 2502 8.
1405 2474 1440 2497 et
1457 2464 1507 2499 ibi
1522 2467 1615 2500 Peri-

243 2518 300 2555 ²4·
320 2515 397 2549 eius
418 2512 639 2555 amittendi]
665 2511 867 2547 notandum
943 2525 1024 2545 nou.
1055 2526 1090 2559 p.
1110 2522 1190 2558 457.
1232 2515 1343 2554 Sunt.
1371 2519 1433 2564 qui
1464 2520 1497 2552 h.
1522 2521 1544 2554 i.
1566 2521 1616 2555 io-

195 2567 397 2604 amie'eendi
422 2568 510 2612 poni
538 2580 602 2613 pro
626 2569 864 2603 amittendae.
943 2579 1029 2611 gant
1056 2580 1097 2603 ut
1125 2583 1238 2616 neque
1263 2574 1355 2609 mihi
1374 2577 1479 2621 iuffit
1501 2581 1613 2613 amie-

196 2622 294 2656 Nam
328 2622 502 2666 gerundia
530 2623 566 2656 in
595 2625 637 2657 di
665 2622 866 2669 adiungun-
941 2626 1069 2662 tendi,
1122 2623 1183 2659 sed
1238 2629 1417 2672 vulgatam
1466 2631 1615 2679 scriptu·

195 2687 256 2712 tur
274 2678 439 2723 genitivis
464 2678 649 2723 utriusque
671 2678 810 2722 generis
830 2688 866 2713 et
940 2690 1016 2712 ram
1052 2679 1143 2713 beno
1180 2680 1347 2721 defendit
1385 2687 1526 2724 Servius
1564 2688 1613 2729 nd

197 2734 349 2768 numeri.
377 2733 470 2767 inita
500 2734 544 2770 V.
569 2734 604 2768 6.
631 2739 689 2776 4ο.
721 2733 767 2768 de
787 2746 864 2769 mu·
939 2739 1029 2770 Aen.
1051 2736 1115 2771 xl.
1139 2739 1220 2783 675.
