1664 3100
168 126 254 186 514‘
367 137 372 143 ·
704 126 1069 174 ADELPHL

173 262 263 312 SY.
287 257 589 310 Laudasne'?
637 257 725 309 Ille
758 258 1042 311 continebit
1064 256 1124 324 77)
1160 258 1368 329 posthac
1387 256 1423 309 fi
1445 259 1601 327 sapiet

530 345 726 378 manue.

170 400 272 446 DE.
305 392 534 447 Fortiter.
562 402 623 459 78)
690 399 780 446 SY.
819 399 1083 464 Perquam.
1115 397 1179 456 ⁷9)
1220 396 1344 463 quia
1375 395 1602 446 miseram

534 463 797 515 mulierem
830 477 881 514 et
900 483 979 513 me
1003 464 1253 514 servulum

175 535 276 600 Qui
295 533 497 584 referire
518 552 624 583 non
643 532 890 582 audebam
914 534 1046 582 vicit.
1078 532 1179 582 hui.
1211 532 1407 582 sortiter
1427 535 1467 592 ⁸¹)

173 601 278 651 DE.
307 604 428 652 Non
457 603 629 669 potuit
655 600 864 659 melius,
883 598 1030 667 ⁴idem
1061 599 1203 669 quod
1223 617 1329 666 ego,
1361 606 1425 663 8⁰)
1463 597 1604 650 senfit

280 727 282 729 ¹
537 683 587 719 te
619 670 711 718 esse
745 667 867 718 huic
899 670 971 718 rei
1006 683 1163 737 caput
1190 673 1253 727 8¹)

105 745 160 791 30
177 736 275 788 Sed
296 738 429 788 estne
448 736 603 791 frater
619 741 680 798 8²)
714 738 887 786 intus?
954 739 1044 787 SY.
1075 740 1196 787 Non
1219 738 1298 787 est.
1366 737 1473 786 DE.
1504 734 1607 785 Ubi

538 804 682 855 illum
706 822 948 872 quaeram
979 807 1163 870 cogito.

177 872 266 923 SY.
289 873 405 924 Scio
427 871 516 923 ubi
541 871 609 922 fit.
639 877 823 922 Verum
843 871 992 922 hodie
1017 891 1283 942 nunquam
1306 871 1607 927 monstrabo.

541 944 638 990 DE.
669 944 797 991 Hem
821 941 946 1008 quid
967 942 1085 990 ais?¹

182 1011 270 1059 SY.
303 1014 390 1059 Ita.
456 1012 555 1058 DE.
590 1009 920 1058 Diminuetur
941 1011 1006 1068 83)
1043 1007 1133 1057 tibi
1156 1009 1359 1073 quidem
1381 1010 1443 1072 84)
1478 1026 1610 1070 cere-

542 1076 705 1127 brum.
773 1077 859 1127 SY.
888 1083 953 1125 At
973 1094 1157 1126 nomen
1181 1079 1344 1126 nescio

183 1143 323 1196 lllius
345 1144 582 1204 hominis,
600 1147 664 1205 85)
697 1143 778 1193 sed
796 1143 967 1194 locum
988 1145 1109 1195 novi
1132 1142 1222 1194 ubi
1243 1144 1313 1195 fit.
1378 1144 1482 1194 DE.
1509 1146 1610 1195 Dio

547 1230 665 1280 ergo
695 1211 879 1262 locum.

186 1279 276 1331 SY.
314 1281 495 1332 Nostin
531 1281 784 1348 porticum
821 1279 959 1348 apud
997 1279 1262 1330 macellum
1294 1279 1426 1330 hanc
1470 1280 1611 1332 deor-

545 1350 684 1398 sum?
748 1348 853 1397 DE.
889 1347 1070 1416 quidni
1089 1346 1150 1408 86)
1183 1348 1446 1398 noverim?

113 1425 169 1468 35
186 1418 275 1467 SY.
318 1417 597 1467 Praeterito
629 1419 692 1472 87)
744 1414 842 1466 hac
874 1429 1016 1467 recta
1051 1415 1221 1484 platea
1256 1417 1471 1476 sursum3
1521 1417 1613 1471 ubi

549 1502 610 1534 eo
634 1482 698 1545 88)
734 1486 946 1543 veneris,
1621 1547 1624 1551 ¹

191 1552 362 1604 Clivus
383 1551 613 1602 deorsum
641 1552 841 1602 vorsum
866 1550 909 1615 ³¹¹³)
945 1553 1024 1603 est.
1057 1551 1154 1603 hac
1185 1565 1236 1603 te
1264 1552 1612 1620 praecipitato·

545 1621 721 1670 Postea

185 1689 268 1739 Est
298 1687 365 1739 ad
395 1686 531 1739 hanc
563 1698 769 1737 manum
801 1683 1046 1746 sacellum,
1074 1688 1141 1751 89)
1183 1685 1256 1736 ibi
1286 1688 1612 1757 angiportum

544 1769 755 1824 propter
773 1756 840 1816 90)
875 1756 957 1809 est.
1251 1764 1253 1766 ’

249 1891 309 1935 77)
334 1899 353 1922 a
374 1900 435 1924 me
482 1891 541 1935 78)
565 1888 639 1934 egit
694 1888 759 1934 79)
782 1887 924 1924 fortiter
941 1887 1015 1934 egit
1061 1888 1098 1934 ⁴¹)
1120 1888 1214 1925 edit.
1234 1887 1439 1935 perfortiter
1454 1890 1615 1936 proban·

294 1958 332 1981 co
349 1946 469 1982 Bentl.
544 1948 603 1991 80)
638 1944 729 1980 senfi
796 1949 857 1987 81)
898 1955 939 1980 ut
977 1955 1153 1980 emeretur
1182 1943 1328 1992 psaltria
1395 1947 1462 1992 82)
1486 1946 1611 1983 Micio

293 2007 353 2044 83)
378 2003 563 2049 frangetur
619 2006 679 2046 84)
705 2014 725 2036 a
747 2014 806 2035 me
860 2002 927 2046 85)
950 2013 1032 2036 cum
1062 2013 1135 2048 quo
1158 2001 1208 2036 est
1251 2002 1312 2043 86)
1335 2000 1406 2039 nili
1449 2006 1510 2048 87)
1534 2016 1613 2050 per-

293 2059 403 2094 transi
450 2060 516 2104 88)
539 2059 628 2094 illue
674 2062 707 2099 ⁸)
733 2060 823 2096 edic.
843 2057 964 2095 vorsus
982 2059 1216 2104 improbante
1238 2060 1362 2097 Bencl.
1405 2060 1472 2107 89)
1482 2072 1610 2107 parvus
1650 2054 1652 2057 V

294 2116 395 2152 locus
424 2116 522 2153 sacer
566 2120 629 2164 90)
666 2115 780 2153 iuxta.
1376 2123 1382 2135 ¹

190 2266 295 2303 tione
314 2265 552 2302 blandientia.
609 2264 670 2301 Sic
697 2265 747 2304 est
767 2266 865 2316 apud
943 2270 1195 2314 Praecipitare
1215 2267 1320 2316 saepe
1347 2265 1424 2303 fine
1451 2264 1532 2301 casu
1554 2265 1614 2301 ab·

189 2325 308 2360 Plaut.
329 2324 368 2359 in
391 2323 485 2360 Asin.
503 2324 566 2359 111.
588 2330 620 2365 3.
656 2331 732 2368 ¹¹5·
887 2318 891 2323 ’
940 2322 1056 2359 solute
1090 2325 1239 2371 ponitur
1264 2327 1302 2360 v.
1337 2322 1529 2360 Drakenb.
1564 2322 1612 2358 ad

238 2382 295 2423 36.
323 2383 489 2428 deorsum
505 2380 659 2427 versus]
714 2382 864 2425 versus.
940 2381 1019 2416 Liv.
1040 2382 1156 2416 XXV.
1177 2394 1231 2416 ιι.

193 2450 275 2473 cum
290 2437 499 2472 adverbium
520 2449 556 2472 et
574 2438 792 2486 praepositio
811 2439 865 2476 ad
985 2446 1042 2483 37.
1064 2439 1235 2484 propter]
1275 2436 1528 2473 adverbialiter
1546 2449 1612 2491 po·

193 2505 231 2530 et
249 2494 486 2539 iniungitur,
513 2494 688 2530 abundat.
717 2509 750 2531 v-
769 2508 863 2544 quoe
939 2495 1039 2532 nitur
1066 2508 1154 2542 pro,
1197 2495 1237 2529 in
1273 2494 1495 2542 propinquo.
1549 2492 1612 2528 Est

191 2551 320 2588 laudat
338 2551 479 2587 Duker.
503 2551 550 2587 ad
568 2553 646 2588 Liv.
658 2554 862 2590 XXXVIII.
940 2552 1038 2588 enim
1069 2562 1298 2587 contractum
1326 2563 1370 2586 ex
1395 2552 1565 2596 propiter
1589 2560 1612 2584 a

190 2617 249 2652 5¹-
936 2624 1054 2656 prope
1071 2607 1230 2646 phaedr.
1245 2609 1292 2642 Π.
1312 2609 1347 2643 6.
1361 2605 1611 2654 7.ν.Ροιίιοιι.
1645 2651 1650 2655 ⁶

238 2665 294 2707 36⁴.
328 2665 604 2711 praecipitato]
669 2666 694 2705 i.
725 2677 757 2700 e.
787 2665 863 2700 cito
940 2665 988 2702 ad
1002 2666 1039 2701 S.
1056 2665 1150 2704 Min.
1168 2666 1196 2701 L
1221 2665 1273 2701 16.
1302 2678 1339 2713 p.
1366 2669 1442 2710 148.

192 2720 403 2758 descendito
438 2734 473 2758 v.
508 2723 648 2759 Donat.
687 2722 735 2759 ad
765 2721 805 2758 h.
833 2721 861 2760 l·
983 2720 987 2723 ’
