1664 3100
651 133 992 200 Ριοιορυε.
1465 157 1530 203 97

115 263 189 329 inp
213 248 607 323 confilingfinxit'se
629 268 807 324 aegram
838 263 950 314 esse,
979 276 1038 307 ne
1068 262 1116 306 id
1143 263 1298 310 socrus
1323 267 1531 326 agnosce-

115 341 188 378 ret
215 342 291 379 aut
311 325 435 379 'illius
461 329 666 390 quilibetss
719 331 980 376 Revertitur
1007 333 1265 391 pamphilus
1299 336 1355 378 de
1372 337 1526 386 Imbro

115 417 213 451 rem
227 418 410 448 omnem
430 401 741 460 deprehendit,
763 412 807 445 et
828 396 971 445 matre
993 401 1126 460 i'pfius
1146 403 1320 460 puellae
1342 419 1527 449 exoran-

114 457 168 514 te
183 465 372 530 'parturn
398 470 536 529 celat,
565 485 758 514 uxorem
777 482 926 514 tamen
948 475 1151 528 recipere
1173 488 1264 515 non
1284 474 1381 517 vult
1399 480 1527 534 igno·

112 553 218 585 rans
256 540 376 596 quod
407 553 466 583 ex
498 540 541 582 se
571 540 755 599 gravida
785 539 905 582 esset.
986 539 1235 598 Redarguit
1263 557 1365 585 eum
1394 554 1525 601 pater

113 609 174 651 ob
207 620 406 665 amorem
433 607 645 652 Bachidis
685 617 731 652 et
767 608 905 667 ipsam
947 609 1211 652 Bachidem.
1271 611 1367 656 Sed
1414 614 1524 656 dum

63 718 65 721 ,
106 671 330 735 purgatur
372 675 562 727 Bachis.
625 677 808 721 anulum
854 682 1033 722 vitiatae
1081 677 1195 721 filiae
1240 682 1523 740 recognoscit

108 742 309 789 Mirhina
324 749 371 788 in
393 744 770 804 digitoBachidis.
819 745 988 803 Sicque
1009 761 1092 805 per
1110 746 1199 791 hoc
1220 755 1420 807 agnitum
1445 752 1521 801 est,

99 826 136 858 za
169 811 403 872 Pamphilo
447 830 545 858 eam
592 816 824 874 gravidam
867 817 1045 859 factam.
1110 819 1310 860 Uxorem
1355 823 1521 878 recipit

107 880 364 941 Pamphilus
408 898 513 927 cum
555 881 648 928 filio
676 883 915 945 Pamphilo
952 901 1084 942 quem
1112 896 1351 946 pepererat
1372 888 1521 934 Philu-

106 964 254 995 mena.

63 1142 66 1144 -
158 1082 700 1131 ARGUMENTUM
746 1090 894 1143 (auct.
930 1089 983 1133 C.
1011 1087 1175 1148 Sulpit.
1204 1087 1462 1149 Apollinari

104 1156 118 1190 “.
570 1170 613 1200 v.
644 1157 751 1198 edit.
793 1171 882 1215 pag
919 1163 1047 1213 221.)

105 1240 310 1285 Uxorem
338 1243 471 1287 duxit
504 1243 762 1302 Pamphilus
791 1246 1127 1299 Philumenam,

105 1309 195 1355 Cui
223 1312 448 1368 quondam
474 1316 688 1370 ignorans
717 1318 881 1371 virgini
909 1320 1069 1359 vitium
1097 1317 1285 1367 obtulit,

103 1379 302 1436 Eiusque
345 1394 428 1439 per
469 1383 561 1423 vim
590 1375 742 1435 ¹quem
782 1383 1004 1433 detraxit,
1051 1386 1259 1434 anulum,

102 1448 311 1492 Dederat
342 1452 508 1492 amicae
532 1448 718 1492 Bachidi
744 1452 1069 1495 meretriculae.

103 1516 226 1559 Dein
252 1518 486 1575 profectus
515 1521 562 1559 in
590 1517 792 1560 Imbrum
819 1519 893 1561 est.
951 1521 1150 1579 Nuptam
1170 1520 1293 1563 haud
1320 1527 1479 1583 attigit.

101 1585 237 1628 Hanc
263 1593 407 1628 mater
436 1593 567 1629 utero
601 1586 859 1642 gravidam,
899 1603 957 1631 ne
983 1590 1031 1631 id
1063 1590 1169 1631 sciat
1201 1589 1367 1640 socrus,

103 1654 171 1698 Ut
189 1669 366 1714 aegram
393 1655 447 1698 ad
470 1654 512 1697 fe
530 1654 762 1697 transfert.
822 1654 1015 1701 Revenit
1042 1657 1320 1715 Pamphilus,

62 1763 65 1768 Α
101 1721 418 1780 Deprehendit
446 1731 648 1782 partum,
688 1723 824 1773 celat,
865 1741 1055 1769 uxorem
1086 1736 1239 1770 tamen

102 1791 326 1851 Recipere
353 1792 511 1836 noluit.
578 1791 709 1834 Pater
735 1793 907 1836 incusat
940 1794 1151 1838 Bachidis

101 1863 340 1904 Amorem.
396 1861 520 1903 Dum
550 1860 593 1903 se
617 1870 778 1919 purgat
802 1861 966 1906 Bachis
998 1864 1180 1907 anulum

101 1929 255 1972 Mater
289 1919 464 1974 vitiatae
491 1930 614 1972 forte
647 1930 845 1988 agnoscit
871 1932 1121 1981 Mirrhina‚

103 1995 310 2041 Uxorem
354 2002 530 2056 recepit
571 1997 829 2057 Pamphilus
875 2015 977 2043 cum
1020 2000 1128 2044 filio.

269 2127 663 2175 PROLOGUS
732 2129 1100 2175 TERENTII
1160 2130 1348 2174 AFRI.

103 2226 282 2289 Hecyra
311 2230 372 2273 est
412 2230 518 2274 huic
552 2246 718 2275 nomen
747 2232 942 2274 fabulae.
1000 2231 1126 2274 Haec
1160 2246 1263 2273 cum
1290 2232 1392 2274 data
1419 2233 1482 2275 est

104 2296 246 2347 Nova,
283 2300 323 2353 ι)
370 2314 539 2343 novum
578 2305 823 2345 intervenit
865 2304 1021 2344 vitium
1046 2301 1090 2356 ²)
1130 2308 1176 2342 et
1203 2299 1446 2351 calamitas,
1480 2303 1513 2357 ³)

162 2409 208 2453 α)
235 2409 374 2446 noviter
393 2412 544 2448 recitata
588 2416 625 2465 a)
651 2410 955 2460 impedimentum
999 2415 1037 2456 3)
1060 2411 1298 2448 infortunium
1322 2425 1465 2462 poetae.

264 2532 532 2569 Pnonoous.
579 2534 609 2569 1.
849 2537 906 2571 dic
935 2534 974 2569 in
999 2535 1112 2570 Bruto
1139 2546 1172 2573 c.
1204 2544 1256 2578 ¹8.
1278 2539 1414 2574 Livius
1437 2541 1514 2584 pri-

151 2594 189 2623 ’1.
213 2601 297 2625 eum
320 2589 417 2626 daea
443 2594 494 2637 efi·
513 2591 643 2635 nova]
690 2589 715 2624 i.
738 2602 770 2625 ο.
847 2605 926 2627 mus
940 2592 1114 2633 fabulam
1132 2593 1272 2629 docuit.

104 2653 188 2680 cum
209 2645 365 2691 primum
386 2656 465 2681 acta
483 2646 543 2682 est.
566 2647 645 2681 Cic.
662 2644 770 2680 Ture.
892 2658 926 2681 2.
955 2649 1116 2693 vicium]
1164 2649 1188 2682 i.
1219 2662 1249 2683 e.
1275 2647 1515 2696 impedimen-

108 2700 240 2747 qunest.
260 2702 289 2736 1.
314 2714 343 2736 1.
374 2703 507 2739 Livius
518 2704 694 2747 fabulam
711 2703 772 2739 de·
844 2711 940 2744 tum„
982 2704 1066 2741 vox
1087 2703 1202 2742 sumta
1221 2705 1271 2742 est
1292 2718 1335 2741 ex
1354 2704 1514 2750 augurali

64 2769 206 2806 Terenc-
237 2769 336 2807 Com.
367 2772 465 2806 Tom.
492 2772 540 2808 ΙΙ.
1333 2767 1378 2811 G
