1708 3106
525 166 674 219 ‚Act
718 162 770 208 ΙΙ.
857 161 1027 222 Seme.
1062 165 1096 210 1.
1431 167 1525 215 115

108 302 224 346 Meo
243 294 410 346 labori
441 293 577 344 haud
603 311 844 361 parcens,
880 309 1080 362 praeter
1112 296 1524 367 aequum'atque

465 376 677 411 aetatem
710 381 884 411 meam.

21 441 92 486 030
107 434 229 484 Non
246 434 312 493 44)
351 443 402 498 te
419 447 516 498 pro
547 429 850 544 hishcurasse
869 429 1021 481 rebus
1043 449 1107 481 ne
1136 431 1262 500 quid
1291 450 1438 502 aegre
1460 436 1522 484 es-

463 498 531 547 set
551 499 618 546 mi
658 499 707 545 i?

108 568 200 616 SO.
235 569 356 621 Non
389 583 501 615 mea
534 583 702 632 opera,
721 569 782 627 45)
829 584 995 634 neque
1022 565 1112 633 pol
1145 566 1382 636 ου1ρε46)
1414 588 1522 621 eve·

456 633 544 682 nit.
609 637 702 682 LA.
731 634 889 683 Immo
910 636 1136 684 maxime.

103 699 312 758 Solahic
329 700 472 759 fuisti,
492 703 544 751 in
559 713 608 750 te
622 703 787 751 omnis
808 701 984 752 haeret
1001 702 1148 769 culpa
1164 702 1265 753 sola
1278 707 1522 767 Sostrata;

104 771 248 836 Quae
269 767 351 818 hic
372 767 517 817 erant
535 786 764 829 curares,
799 788 915 826 cum
936 789 1029 836 ego
1049 789 1141 821 vos
1160 771 1283 822 solvi
1302 777 1439 825 curis
1458 780 1521 838 47)

458 851 683 886 caeterls.

99 905 222 965 Cum
241 903 416 972 puella
441 922 597 953 anum
619 907 685 965 48)
720 906 968 974 suscepisse
987 907 1277 958 inimicitias
1302 927 1407 959 non
1426 929 1519 977 pu·

458 971 577 1020 det?

27 1044 83 1089 35
98 1036 236 1089 Illius
260 1038 396 1090 dices
418 1039 570 1106 culpa
597 1040 797 1090 sactum.
871 1043 962 1091 SO.
995 1041 1154 1098 Haud,
1182 1043 1416 1110 equidem
1450 1045 1518 1095 di-

108 1162 111 1163 ⁷
455 1126 517 1157 co
538 1110 606 1158 mi
623 1110 688 1165 49)
723 1107 926 1158 Laches.

97 1175 191 1222 LA.
222 1173 434 1224 Gaudeo
456 1176 527 1223 ita
550 1194 628 1224 me
648 1177 714 1224 Di
739 1191 907 1225 ament
924 1177 1063 1242 gnati
1086 1177 1243 1227 causa.
1267 1184 1328 1243 5⁰)
1383 1183 1517 1230 Nam

458 1241 520 1290 de
554 1256 603 1291 te
640 1243 843 1309 quidem

97 1307 231 1356 Satis
256 1307 356 1356 scio
377 1310 637 1374 peccando
659 1310 942 1357 detrimenti
962 1307 1025 1368 5¹)
1061 1310 1184 1358 nihil
1215 1310 1322 1360 fieri
1344 1315 1515 1378 potest.

97 1377 188 1424 SO.
222 1372 324 1441 Qui
341 1381 403 1435 5²)
440 1376 530 1424 scis
555 1376 619 1424 an
653 1394 713 1424 ea
746 1377 894 1425 causa
922 1377 1087 1434 mivir
1115 1396 1194 1426 me
1224 1379 1374 1428 odisse
1409 1382 1455 1430 se
1476 1385 1516 1442 *)

456 1442 819 1492 affimulaverit.

100 1512 172 1558 Ut
192 1525 308 1558 cum
327 1522 488 1558 matre
510 1510 625 1577 plus
648 1529 753 1559 una
774 1511 919 1559 esset?
981 1514 1070 1560 LA.
1096 1509 1230 1577 Quid
1254 1513 1363 1563 ais?
1395 1517 1519 1565 Non

455 1576 575 1644 figni
595 1580 667 1627 sat
686 1579 754 1627 est

27 1658 83 1706 4ο
99 1641 250 1712 Quod
267 1641 376 1692 heri
394 1662 542 1694 nemo
559 1645 724 1696 voluit
742 1646 975 1697 visentem
995 1644 1059 1695 ad
1080 1663 1189 1695 eam
1210 1660 1260 1696 te
1277 1648 1410 1699 intro
1434 1649 1519 1709 ad:

509 1715 519 1724 ·
659 1716 683 1748 ν

13 1816 22 1826 ,
99 1781 191 1830 80.
210 1779 353 1830 Enim
373 1727 676 1830 lassffxldtgg‘srt
698 1780 888 1848 oppido
909 1785 970 1842 53)
1006 1793 1115 1830 tum
1137 1780 1351 1842 aiebant,
1372 1801 1434 1835 eo
1456 1786 1519 1849 54)

456 1848 523 1898 ad
541 1867 653 1898 eam
683 1867 788 1898 non
815 1849 1034 1898 ammissa
1062 1850 1178 1898 sum.

159 1980 225 2026 44)
264 1964 387 2014 nonne
418 1979 587 2017 decuerat
646 1984 707 2027 45)
741 1994 823 2016 meo
858 1980 978 2016 studio
1034 1982 1095 2025 46)
1122 1981 1217 2016 istud
1279 1987 1340 2029 47)
1377 1997 1397 2019 a
1425 1988 1520 2023 curis

205 2035 271 2080 48)
303 2045 340 2070 te
408 2037 475 2083 49)
511 2051 534 2072 ο
564 2039 614 2072 mi
690 2043 751 2081 50)
790 2049 937 2085 propter
978 2039 1079 2083 gnati
1120 2038 1258 2073 causam
1328 2045 1388 2083 5¹)
1430 2045 1522 2089 quid

122 2084 133 2095 ⁸
204 2093 271 2138 52)
288 2093 474 2139 quomodo
497 2094 534 2140 ¹¹¹)
552 2096 645 2131 edic.
668 2110 739 2132 om.
750 2093 785 2129 se
804 2095 1043 2139 prob-Bentl.
1075 2096 1140 2140 53)
1158 2094 1261 2130 valde
1307 2097 1373 2143 54)
1390 2097 1475 2134 ideo

107 2228 198 2264 quos
208 2215 328 2252 facitis
338 2216 509 2253 ferendis.
526 2219 775 2268 Horat.Epist.
896 2223 952 2262 34-
976 2218 1131 2263 puella]
1179 2219 1323 2266 puellae
1351 2222 1524 2261 dicuntur

105 2273 135 2307 1.
156 2281 207 2314 ¹8.
226 2281 282 2315 28.
294 2278 608 2321 maefiulcitiam
625 2280 776 2322 patiun-
851 2274 1010 2309 feminae
1022 2274 1322 2313 adolescentiores
1335 2279 1443 2314 etiam
1457 2294 1523 2316 nu-

107 2339 266 2372 tur-opes
277 2331 420 2367 etc.i.e.
434 2345 535 2366 meae
553 2345 640 2379 opes
653 2343 775 2368 tantae
851 2340 948 2377 ptae·
966 2342 999 2364 v·
1020 2331 1128 2365 Ovid.
1147 2331 1257 2378 Epist.
1277 2334 1307 2367 1.
1334 2344 1409 2378 1¹5.
1431 2350 1523 2384 quae

108 2383 190 2419 sunt
200 2394 240 2419 ut
252 2384 402 2420 stultitia
414 2387 494 2422 illas
507 2401 582 2422 non
603 2399 777 2426 attenuet.
840 2388 998 2431 fueram
1027 2399 1063 2423 te
1083 2389 1287 2435 discedente
1304 2395 1433 2436 puella
1458 2396 1524 2429 Pe·

154 2449 212 2484 31.
246 2444 386 2488 evenit]
443 2444 693 2492 Mss..quidam
714 2444 777 2478 ha·
853 2443 985 2490 nelope
1006 2442 1050 2478 de
1069 2443 1177 2480 semet
1196 2446 1280 2493 ipsa,
1293 2448 1338 2482 ad
1350 2449 1519 2496 Ulyssem.

108 2497 198 2533 bent
224 2501 349 2538 venit,
389 2500 488 2547 quod
515 2513 590 2535 non
618 2510 778 2534 contem·
851 2498 944 2534 Fast.
970 2501 1017 2534 11.
1037 2508 1118 2547 557.
1140 2505 1281 2541 viduae
1306 2509 1435 2554 ceſjiue
1452 2522 1523 2553 pu·

108 2553 285 2589 nendum.
332 2555 428 2590 Nam
453 2560 585 2594 venire
609 2569 674 2603 pro
691 2570 776 2592 eve·
818 2588 821 2590 .
850 2557 962 2592 ellae.

109 2615 193 2648 nir-e
230 2609 293 2645 nii
328 2623 472 2658 quoque
506 2613 690 2660 scriptores
724 2612 778 2646 di-
900 2614 957 2654 36.
982 2613 1028 2650 de
1053 2625 1089 2649 te
1108 2619 1295 2659 peccando
1309 2619 1525 2657 detrimenti

111 2679 210 2703 cunt.
242 2667 319 2702 Liv.
353 2668 415 2701 IX.
453 2680 505 2703 ια.
534 2671 657 2704 omnia
686 2681 777 2717 quae
855 2670 912 2706 nil
927 2670 1019 2713 etex]
1076 2670 1102 2706 i.
1130 2684 1162 2705 e.
1193 2673 1266 2707 iam
1305 2675 1387 2710 talis
1417 2689 1453 2712 es
1484 2688 1524 2712 ut

114 2725 247 2763 deinde
265 2734 448 2762 venet-unt
465 2722 528 2760 ubi
544 2736 577 2759 v.
595 2725 732 2764 Duker.
853 2725 1043 2771 peccando
1058 2726 1159 2774 peior
1175 2729 1251 2766 fieri
1272 2745 1347 2767 non
1367 2733 1489 2780 poffis.

1284 2793 1384 2838 H2
