1708 3106
243 184 262 209 x
521 160 664 206 ACT-
710 156 785 202 IV.
868 154 1048 203 scitu.
1091 155 1127 200 Ῑ.
1439 153 1532 209 145

119 297 259 349 Nam'
282 307 343 346 ut
370 292 454 344 hic
475 293 516 351 5)
560 288 757 343 laturus
785 285 887 336 hoc
914 284 993 344 fit,
1026 283 1073 334 fi
1100 284 1256 352 ipsam
1276 301 1383 334 rem
1411 299 1471 334 ut
1493 286 1533 347 ⁴)

472 357 559 409 fiet
577 354 856 406 resciverit?

115 435 239 485 Non
257 427 440 496 edepol
458 425 587 478 clam
605 441 684 472 me
698 425 779 481 est,
801 440 917 472 cum
938 419 1037 470 hoc
1054 418 1196 488 quod
1217 417 1380 470 levius
1403 420 1471 470 est
1494 424 1534 480 ⁵)

467 507 572 544 tam
594 492 761 541 animo
782 489 1029 539 iracundo
1053 487 1181 545 tulit,

119 569 231 618 Nec
251 582 357 632 qua
378 564 462 613 via
486 559 726 612 sententia
751 559 862 607 eius
888 552 1034 622 possit
1062 555 1247 604 mutari
1266 556 1380 614 scio,

49 646 103 688 55
116 638 231 684 Hoc
252 631 375 682 mihi
396 647 555 680 unum
584 645 646 677 ex
666 625 898 694 plurimis
923 624 1127 672 miseriis
1151 621 1405 690 reliquum
1434 623 1534 673 fue-

473 710 553 747 rat
572 693 774 745 malum.

123 769 174 820 Si
193 785 409 836 puerum
428 778 489 816 ut
507 762 681 814 tollam
703 760 743 822 6)
777 761 935 827 cogit,
970 759 1118 808 cuius
1139 775 1236 809 nos
1258 759 1349 825 qui
1371 757 1429 808 fit
1454 777 1535 807 ne-

473 833 652 882 scimus
674 843 827 896 pater.

115 905 252 957 -Nam
284 919 405 954 cum
427 899 684 966 conpressa
714 898 782 946 est
808 908 940 954 nata,
970 894 1130 946 forma
1153 895 1194 954 ⁷)
1229 893 1283 941 in
1311 892 1533 943 tenebris

472 967 608 1017 nosci
632 966 735 1014 uon
759 965 904 1032 quita
929 967 967 1023 8)
1003 963 1086 1019 est,

118 1042 302 1107 Neque
331 1036 611 1087 detractum
644 1034 691 1083 ei
713 1040 755 1095 9)
806 1032 1085 1099 quicquam
1116 1029 1196 1086 est,
1232 1030 1294 1089 ¹⁰)
1349 1030 1443 1095 qui
1474 1032 1536 1090 ¹¹)

171 1107 178 1114 “
475 1103 584 1169 post
605 1098 752 1168 possit
781 1099 975 1148 noscier
1005 1099 1095 1164 qui
1128 1094 1226 1144 fiet.

115 1174 220 1241 Ipse
238 1173 423 1240 eripuit
442 1173 494 1222 vi
514 1172 568 1219 in
588 1170 743 1235 digito
767 1184 918 1235 quem
938 1164 1120 1223 habuit
1145 1163 1327 1228 virgini
1359 1162 1533 1213 abiens

475 1236 697 1286 anulum.

50 1320 103 1361 6ο
118 1306 278 1360 Simul
309 1323 489 1357 vereor
523 1301 839 1366 Pamphilum
872 1317 936 1348 ne
969 1310 1115 1347 orata
1152 1297 1319 1345 nostra
1349 1301 1408 1358 ¹²)
1453 1315 1534 1345 ne-

478 1383 636 1437 queat
663 1369 857 1416 diutius
1462 1410 1466 1413 .

121 1441 315 1501 Celare,
349 1457 467 1490 cum
487 1438 608 1488 sciet
632 1435 852 1485 alienum
874 1448 1087 1501 puerum
1113 1427 1222 1483 nolli
1240 1447 1335 1494 pro
1355 1431 1454 1480 suo.

156 1609 261 1669 (Ac
274 1628 307 1657 τ
323 1628 350 1656 u
367 1628 389 1658 s
434 1607 508 1654 IV.
583 1605 688 1653 Sci:
703 1623 736 1651 N
749 1623 776 1650 A
811 1604 866 1648 11.
944 1597 1296 1649 SOSTRATA.
1345 1597 1496 1644 PAM-

694 1669 958 1729 PfflLUS.)

121 1788 471 1840 SOSTRATA.
496 1787 557 1845 ¹⁸)
590 1787 711 1833 Non
745 1779 872 1831 clam
905 1796 984 1828 me
1013 1779 1083 1827 est
1110 1790 1259 1844 gnate
1279 1776 1338 1838 ι’4)
1373 1777 1455 1834 mi,
1483 1777 1540 1827 ti-

477 1852 532 1902 bi
564 1853 623 1911 ¹5)
686 1866 765 1899 me
822 1848 913 1897 effe
974 1847 1267 1913 suspectam,
1327 1861 1539 1893 uxorem

460 1935 620 1969 tuam

121 1994 333 2057 Propter
362 2006 503 2038 meos
535 2003 699 2035 mores
742 1982 861 2031 him:
895 1980 1054 2030 abiss‘e’.
1139 1977 1235 2028 Etsi
1263 1996 1324 2027 ea
1351 1975 1540 2026 assimu-

475 2054 561 2110 .las‚
582 2052 638 2115 ¹5)
661 2057 700 2116 *)
734 2048 917 2107 sedulo,

187 2211 231 2257 5)
255 2211 410 2260 qualiter
429 2207 634 2256 Phidippus
681 2208 720 2249 4)
745 2199 1054 2251 quemndmodum
1101 2202 1139 2242 5)
1164 2196 1263 2245 quod
1284 2196 1375 2233 dicit
1400 2210 1459 2232 me
1487 2210 1544 2232 ee·

232 2268 308 2303 lare
341 2277 482 2315 partum
510 2266 608 2300 illius
669 2263 713 2309 6)
736 2261 895 2296 nutriam
958 2260 998 2303 7)
1027 2253 1296 2302 comprimentis
1357 2254 1399 2299 8)
1428 2253 1472 2293 ab
1502 2265 1544 2287 ει

232 2326 272 2370 9)
294 2322 545 2369 comprimenti
595 2323 653 2359 ιο)
680 2318 725 2352 ab
753 2329 797 2351 ea
847 2316 908 2360 u)
933 2311 1120 2361 quomodo
1179 2313 1240 2356 12)
1265 2322 1387 2355 preces
1407 2309 1543 2344 nostra·

239 2382 296 2421 13)
322 2377 471 2412 Excusat
490 2376 524 2412 se
539 2375 695 2411 Sostrata
711 2371 808 2420 apud
828 2371 942 2404 filium
962 2382 1037 2403 non
1053 2367 1136 2402 suae
1158 2366 1287 2412 culpae
1314 2363 1417 2400 fuisse
1445 2364 1546 2412 quod

234 2434 311 2468 eius
330 2438 418 2468 u'xor
435 2431 569 2479 re-v'ersa
586 2431 635 2466 est
657 2429 703 2464 ad
722 2428 871 2463 domum
893 2436 1090 2461 maternam
1140 2423 1200 2468 14)
1223 2435 1247 2457 ο
1272 2432 1380 2467 gnate
1428 2426 1485 2464 ¹5)
1510 2433 1532 2455 a

235 2500 273 2525 te
339 2490 395 2530 16)
429 2488 573 2534 affingit
606 2487 710 2521 aliter
737 2497 847 2532 quam
875 2483 929 2520 fit.
959 2481 1016 2518 vel
1047 2478 1246 2515 diffimulas
1303 2480 1334 2520 *)
1360 2479 1451 2516 edic.
1483 2475 1542 2514 dit

237 2543 394 2581 fimulaz.
1356 2556 1360 2560 -

181 2690 237 2727 57.
255 2683 361 2730 quita
379 2680 445 2724 esc]
474 2676 622 2723 antique
642 2686 709 2721 pro
729 2676 807 2722 qui·
882 2671 975 2720 quid
982 2669 1070 2714 fine
1078 2671 1264 2717 sanguine
1274 2671 1413 2706 civium
1424 2668 1550 2714 ulez’s'bi

135 2741 209 2776 vic.
238 2735 380 2771 Sallust.
407 2736 446 2769 iu
471 2736 550 2779 Jug.
579 2746 611 2768 c.
630 2739 686 2776 31.
705 2732 807 2776 quic·
883 2728 1075 2775 nequitur,

90 2809 236 2844 Ter-ene.
263 2806 363 2841 Com.
397 2804 497 2840 Tom.
525 2801 575 2843 ΙΙ,
1377 2786 1416 2828 K
