1708 3106
78 207 87 232 Ι
510 165 654 216 Acr-
681 167 761 215 IV.·
831 166 1003 216 Secu.
1034 169 1109 217 lv,
1424 170 1518 220 155

102 306 265 370 Quam
298 301 505 418 longuzn
523 301 761 418 dspatium
813 299 1017 353 amandi
1053 302 1267 353 amicam
1301 304 1368 363 3²)
1423 302 1519 355 tibi

492 387 519 418 e
556 371 608 418 i?

102 441 375 507 Sumptus,‘
399 455 534 506 quos
556 436 709 486 fecisti
731 436 783 485 in
807 453 941 495 eam,
974 438 1145 487 animo
1167 455 1335 505 aequo
1357 437 1483 487 tuli?

100 507 188 572 Egi
210 520 364 575 atque
385 506 526 556 oravi
542 508 603 564 33)
635 519 801 554 tecum
822 521 1031 554 uxorem
1061 518 1122 554 ut
1141 505 1352 556 duceres
1366 525 1399 569 3,

29 582 84 625 65
97 576 323 642 Tempus
345 572 447 623 dixi
469 573 590 628 esse3
625 570 824 638 inpulsu
849 576 910 633 54)
947 572 1127 622 duxisti
1157 592 1281 623 meo.

99 646 244 708 Quae
266 646 330 702 36)
362 655 471 691 tum
490 641 759 690 obsecutus
785 639 908 689 mihi
929 640 1081 691 fecisti
1103 656 1163 691 ut
1181 642 1433 693 decuerat.

100 713 255 760 Nunc
274 710 496 758 animum
516 710 709 758 rursum
730 707 794 756 ad
814 710 1124 759 meretricem
1143 710 1342 761 induxti
1360 725 1518 772 tuum,

99 779 194 827 Cui
215 774 280 838 56)
316 790 374 826 tu
396 776 666 827 obsecutus
690 776 813 825 facis
837 775 958 826 huic
982 775 1047 838 3⁷)
1081 778 1210 828 adeo
1233 781 1482 829 iniuriam.

98 846 232 895 Nam
246 845 309 894 ‘in
328 844 539 894 eandem
563 845 718 895 vitam
735 846 800 904 38)
833 857 882 894 te
900 845 1186 896 revolutum
1212 847 1382 897 denuo

27 935 84 976 70
96 912 255 963 Video
286 913 392 962 effe.
458 916 612 962 PAM.
650 915 835 961 Mene?
917 917 1007 964 LA.
1049 918 1128 965 Te
1155 917 1312 984 ipsum
1327 955 1339 975 ,
1374 929 1426 966 et
1451 915 1519 965 fa·

128 1015 130 1017 >
453 981 528 1031 cis
547 981 796 1030 iniuriam.
815 983 879 1041 39)
1051 1025 1054 1028 ,

100 1046 353 1116 Confingis
379 1050 421 1109 *)
452 1048 595 1099 falsas
620 1050 793 1099 caulas
817 1049 881 1097 ad
905 1049 1215 1110 discordiam,

97 1120 171 1166 Ut
186 1134 305 1167 cum
335 1115 426 1165 illa
451 1118 607 1174 vivas,
628 1119 694 1177 4⁰)
736 1117 907 1166 testem
937 1117 1071 1168 hanc
1099 1124 1163 1180 ⁴¹)
1196 1137 1314 1169 cum
1344 1118 1436 1169 abs
1466 1134 1519 1172 te

456 1202 705 1234 amovens
998 1225 1002 1228 -

100 1249 359 1318 Sensitque
371 1250 436 1315 4²)
457 1252 601 1367 fadeo
624 1265 765 1303 uxor.
779 1254 842 1314 ⁴3)
874 1255 1010 1306 Nam
1031 1254 1079 1302 ei
1098 1252 1198 1303 alia
1214 1255 1364 1304 causa
1386 1273 1519 1323 quae

477 1333 564 1378 uit,

103 1385 445 1454 Quamobrem
468 1386 559 1435 abs
581 1399 631 1436 te
650 1385 844 1436 abiret?
910 1390 1030 1437 PHL
1051 1390 1113 1450 44)
1154 1386 1308 1438 Plane
1335 1388 1419 1438 hic
1450 1389 1518 1439 di·

19 1493 23 1501 .
457 1455 609 1503 vinat.
641 1456 773 1504 Nam
798 1453 850 1503 id
873 1455 953 1504 est.

30 1532 86 1586 ¹75
98 1524 249 1573 PAM.
285 1520 437 1571 Dabo
459 1522 542 1570 ius
554 1522 838 1622 6iurandum
866 1520 993 1575 nihil
1025 1524 1119 1573 effe
1144 1524 1349 1574 istorum
1367 1527 1430 1588 4⁵)
1464 1527 1520 1575 ti-

458 1588 512 1639 bi
531 1592 554 1631 4
576 1591 597 1654 >
660 1595 751 1640 LA.
784 1589 874 1641 Ah.

163 1723 230 1769 32)
251 1722 476 1758 meretricem
522 1723 587 1768 33)
610 1733 648 1758 te
693 1724 760 1770 54)
787 1736 869 1759 mea
895 1723 1101 1772 inpulfione
1155 1727 1221 1769 35)
1244 1725 1309 1762 ista
1329 1739 1423 1775 quae
1444 1728 1521 1763 dixi

207 1779 275 1825 36)
300 1779 479 1815 meretrici
534 1779 600 1825 37)
623 1778 864 1816 Philumenae
927 1783 994 1828 38)
1017 1783 1272 1818 meretricandi
1334 1788 1401 1832 39)
1428 1786 1524 1821 iniu-

208 1835 345 1872 stitiam
412 1837 560 1882 ⁹)ed1't.
590 1849 702 1883 quum
733 1837 839 1882 fingis
864 1839 1024 1882 improb.
1054 1839 1175 1876 Bentl.
1243 1844 1307 1884 4ο)
1339 1844 1525 1878 meretrice

206 1894 273 1939 41)
299 1903 382 1928 tuae
412 1891 577 1927 libidinis
603 1893 858 1929 Philumenam
902 1897 969 1942 4²)
991 1894 1065 1930 hoc
1108 1901 1169 1940 43)
1186 1897 1403 1934 Philumena
1423 1901 1523 1947 quod.

208 1948 309 1984 illam
327 1948 435 2053 v6e31e⁸
455 1948 638 1986 dimittere
658 1961 694 1987 et
710 1952 821 1987 aliam
839 1951 971 1988 ducere
1015 1953 1084 1999 44)
1104 1952 1226 1990 [ecum
1270 1960 1331 2001 45)
1356 1969 1450 2004 quae
1467 1958 1522 1994 di-

210 2006 263 2042 cis
317 2013 341 2051 4
408 2015 520 2054 pater.

154 2140 213 2185 64.
237 2143 353 2177 oravi
370 2142 503 2187 tecum]
538 2156 648 2179 orare
657 2154 776 2180 tecum
850 2155 948 2181 που.
978 2157 1009 2195 e.
1042 2149 1100 2188 4¹·
1151 2146 1265 2182 Plane
1292 2146 1361 2182 hoc
1386 2153 1522 2195 servus

109 2198 259 2246 antique
295 2197 389 2233 dixit
423 2211 490 2246 pro
523 2213 634 2236 orare
663 2211 701 2236 ee
736 2211 778 2235 nt
851 2213 939 2237 enus
966 2203 1135 2238 indicare
1154 2206 1275 2249 potest
1293 2203 1357 2238 ubi
1385 2218 1417 2240 v.
1436 2207 1525 2243 Bur-

107 2254 226 2290 Plnut.
249 2255 286 2289 in
296 2255 468 2291 Rudente
484 2256 546 2292 III.
564 2262 598 2299 4.
618 2257 675 2299 68.
690 2258 778 2292 Scin
852 2269 978 2291 mann.

109 2312 203 2360 quid
218 2323 334 2347 tecum
350 2326 417 2348 oro
426 2313 543 2355 senece
556 2315 576 2346 ἓ
899 2314 1079 2358 divinae]
1147 2314 1324 2352 divinare
1368 2317 1525 2364 plerum-

155 2367 215 2412 69.
240 2371 282 2403 in
306 2370 461 2405 eandem
486 2371 608 2404 vitam
636 2371 786 2405 revolu-
856 2382 927 2416 que
945 2368 995 2404 est
1012 2369 1131 2404 futura
1147 2372 1374 2416 praedicere.
1407 2386 1448 2410 ut
1468 2389 1526 2411 va-

112 2435 189 2459 tum
208 2423 297 2470 esse]
346 2424 371 2458 i.
393 2437 425 2458 e.
455 2423 609 2461 rediiffe.
632 2425 710 2459 Cic.
733 2424 781 2458 ad
855 2436 929 2464 tes,
974 2424 1037 2472 qui
1067 2425 1154 2460 inde
1182 2428 1311 2466 divim·
1338 2429 1525 2470 dicuntur.

112 2479 221 2514 Anic.
243 2480 340 2515 ΧΙΠ.
366 2481 422 2515 26.
443 2484 625 2518 revolvor·
642 2483 781 2518 identi-
854 2495 888 2515 v.
908 2482 1038 2516 Graev·
1068 2482 1115 2516 ad
1135 2483 1214 2519 Cic.
1233 2483 1280 2519 ad
1297 2486 1405 2521 Attic.
1424 2488 1470 2522 X.
1489 2495 1525 2532 4.

114 2536 196 2571 dem
213 2538 255 2570 in
276 2537 532 2580 Tusculanum.
855 2552 911 2574 me
939 2539 986 2574 de
1009 2540 1202 2583 republica
1234 2557 1422 2591 nunquam
1451 2547 1526 2591 mfi

159 2597 215 2635 74.
240 2592 376 2636 plane]
402 2592 428 2627 i.
447 2606 479 2628 e.
498 2592 651 2627 omnino
662 2592 782 2627 Planta
857 2596 1190 2643 divineeogieoeſj‘e3
1202 2597 1402 2645 aliquando
1416 2602 1528 2637 etiam

113 2647 151 2681 in
179 2645 286 2693 Epid.
314 2648 377 2684 1V.
411 2660 442 2682 ι.
476 2654 532 2692 14.
581 2652 698 2684 Plane
723 2649 784 2684 Ιιίο
858 2651 993 2696 dicitur
1011 2651 1112 2690 dere
1130 2655 1332 2699 praeterita,
1361 2657 1529 2704 valetque

113 2706 180 2740 ille
208 2708 258 2750 ese
288 2707 353 2750 qui
387 2705 477 2740 mihi
511 2709 553 2741 in
589 2707 782 2749 Epidauro
856 2720 982 2744 venun
1009 2708 1149 2752 dicere,
1177 2723 1255 2748 tem
1282 2723 1350 2748 acu
1370 2722 1528 2760 tangere.

112 2763 257 2806 primus
280 2762 506 2806 pudiciciam
522 2764 703 2808 per-pulit.
719 2763 785 2798 Pe·
