1708 3106
571 121 799 168 Δᾶτιν.
875 119 1050 167 Sex-zu.
1090 119 1170 166 L-
1460 123 1549 168 161

141 263 246 312 Fac
262 255 438 309 eadem
460 267 522 306 ut
551 251 611 304 fis
642 269 821 320 porte,
866 251 1033 301 nostra
1067 263 1211 302 utere
1244 252 1467 304 amiticia
1496 267 1555 304 ut

501 320 655 373 voles.
1128 345 1134 351 ·

139 393 298 445 Aliter
327 390 365 459 fi
396 390 565 441 facias.
605 391 666 448 ¹⁰)
752 385 851 436 Sed
887 386 1157 451 reprimam
1189 404 1269 436 me
1305 404 1369 436 ne
1409 404 1554 454 aegre
1625 438 1628 441 ,

147 483 155 486 -
496 456 770 525 quicquam
795 470 856 502 ex
875 472 954 502 me
974 452 1167 503 audias.

140 532 327 580 Verum
349 525 449 578 hoc
466 537 516 574 te
535 541 717 573 moneo
735 532 775 554 ¹⁰
785 522 822 580 ²)
856 539 1027 580 unum,
1049 521 1217 588 qualis
1237 519 1323 570 sun
1346 523 1553 582 amicus,

495 606 587 641 aut
605 589 731 658 quid
757 586 961 654 poffiem

67 677 124 727 40
138 663 315 715 Potius
339 678 495 730 quarn
520 659 754 709 inimicus
775 655 1024 725 periclum
1048 660 1106 720 ¹¹)
1141 656 1311 708 facias.

137 790 330 897 (Aera
346 849 367 880 s
409 829 463 878 V.
527 828 726 878 semu
771 823 828 872 ῙῙ.
915 824 1265 874 PHIDIPPUS.
1299 826 1551 876 LACHES.

392 892 403 902 χ
694 893 996 953 BACCI-HS.)

135 1020 484 1069 PHIDIPPUS.
506 1014 568 1079 ¹²)
596 1015 739 1068 Nihil
762 1014 899 1082 apud
921 1032 1001 1063 me
1023 1013 1115 1063 tibi

134 1085 323 1137 Defieri
338 1091 394 1149 ¹3)
414 1087 601 1154 patiar,
633 1086 757 1151 quin
782 1082 924 1151 quod
944 1101 1076 1147 opus
1097 1080 1156 1131 fit
1177 1081 1390 1149 benigne
1412 1101 1551 1151 prae-

139 1220 237 1273 Sed
257 1238 374 1272 cum
401 1234 459 1270 tu
476 1153 820 1335 ΓΞΞΞΞὲῗε-ηᾳυε
849 1216 989 1266 ebria
1016 1218 1141 1277 eris,
1173 1235 1303 1284 puer
1330 1232 1390 1267 ut
1418 1220 1554 1269 satur

138 1353 232 1405 LA.
260 1354 441 1406 Noster
467 1288 864 1431 [ggelsstissokrenit
893 1350 1062 1411 video,
1115 1369 1275 1419 puero
1303 1354 1553 1404 nutricem

93 1464 382 1558 5Phidippe
405 1494 464 1551 ι5)
496 1421 964 1547 Ξῖἶιέξέιόεἰετειῑῑθ)
997 1484 1267 1552 persancte.
1303 1489 1404 1536 PH.
1426 1490 1555 1539 Hae-

492 1557 605 1607 cine
631 1557 693 1613 ¹7)
722 1572 781 1603 ea
810 1555 911 1603 est?
980 1557 1070 1601 LA.
1095 1556 1236 1602 Haec
1258 1554 1339 1602 est.

131 1629 234 1677 PH.
257 1630 362 1677 Nec
382 1623 471 1692 pol
497 1625 615 1672 istae
639 1622 699 1683 ¹8)
729 1633 964 1671 metuunt
983 1623 1146 1681 Deos,
1179 1638 1274 1671 nec
1293 1620 1386 1672 has
1409 1622 1552 1689 respi-

177 1726 180 1730 ·
470 1755 473 1758 Ι
494 1708 606 1742 cere
626 1693 768 1740 Deos
794 1691 989 1756 opinor.
1470 1703 1475 1707 ·

192 1826 260 1872 ,10)
276 1823 412 1861 scilicet
429 1821 599 1871 affligeris
620 1834 655 1859 et
672 1822 722 1859 est
738 1821 871 1870 ellipsu
921 1834 962 1856 ιο
972 1823 1006 1862 a)
1030 1826 1112 1869 pofl·
1130 1836 1258 1860 moneo
1278 1821 1346 1856 vel.
1397 1825 1454 1863 11)
1472 1835 1556 1870 pro·

241 1883 430 1919 bationem
479 1881 540 1927 12)
566 1879 771 1928 Phidippu·
793 1877 970 1914 nutricem
990 1878 1188 1925 alloquitur
1209 1878 1350 1925 pueruli
1371 1877 1556 1914 Philume-

238 1951 312 1976 nae
361 1943 416 1983 13)
457 1937 575 1974 deesse
626 1941 682 1981 14)
724 1935 928 1983 Phidippun
981 1936 1042 1981 ¹5)
1082 1948 1105 1970 ο
1137 1935 1321 1983 Phidippo
1370 1936 1432 1982 16)
1459 1936 1556 1972 iun:

239 1996 307 2043 ,17)
334 1995 504 2044 nunquid
573 1998 630 2037 18)
653 1993 759 2030 talen.
1039 2015 1042 2017 -

749 2079 929 2093 -ἐ

180 2149 241 2185 3⁸.
264 2155 315 2179 ne>
333 2155 444 2189 aegre
471 2145 666 2189 quiequam
685 2154 736 2177 ex
751 2155 806 2176 me
881 2138 1081 2175 satietatem
1101 2149 1215 2183 usque
1235 2136 1382 2174 biberis.
1421 2141 1554 2176 Ebrius

135 2200 294 2244 audias]
342 2200 369 2233 i.
394 2212 425 2233 e.
447 2211 494 2233 ne
520 2199 717 2246 quicquam
746 2209 808 2231 au·-
881 2208 959 2231 non
987 2193 1125 2240 [emper
1151 2191 1197 2226 de
1222 2193 1435 2229 temulentia
1465 2194 1556 2229 dici-

137 2255 241 2295 diu,
267 2255 368 2302 qnod
393 2267 495 2302 aegre
512 2254 580 2289 tibi
598 2254 653 2290 fit.
881 2262 951 2290 tur,
975 2249 1036 2284 sed
1057 2249 1166 2284 etiam
1188 2248 1234 2283 de
1252 2262 1295 2284 eo
1308 2275 1317 2288 ‚
1344 2250 1444 2298 quod
1462 2251 1555 2286 mul—

882 2318 962 2343 tum
990 2305 1047 2340 vel
1081 2306 1237 2340 nimium
1268 2306 1329 2342 est.
1361 2300 1476 2344 Plaut.
1514 2308 1554 2343 in

249 2355 357 2391 Ac'¹²
382 2354 428 2390 V·
489 2355 628 2390 50⁸³·
656 2365 691 2388 2·
884 2363 1028 2409 Captiv.
1047 2362 1076 2396 1.
1102 2374 1131 2397 1.
1151 2369 1207 2404 35.
1233 2364 1330 2398 unde
1345 2368 1554 2411 saturitate

183 2433 219 2455 2.
240 2422 396 2469 benigne
422 2423 667 2468 praebeatur]
723 2419 748 2454 ἰ.
775 2431 807 2454 e.
874 2422 986 2466 saepe
1002 2432 1072 2465 ego
1092 2421 1173 2454 exii
1190 2420 1325 2455 ebrius.

138 2477 301 2522 largeur.
328 2479 456 2514 Horat.
469 2476 600 2514 'Can-m.
621 2479 649 2512 Ι.
679 2488 731 2519 ¹7-
753 2482 808 2516 15·
929 2484 964 2518 5.
990 2477 1135 2523 dejerat
1153 2477 1365 2522 persancte]
1400 2476 1426 2512 i.
1447 2490 1480 2512 e.
1499 2490 1553 2512 re-

139 2537 249 2579 copia
276 2537 442 2572 manabit
465 2536 519 2570 ad
544 2537 694 2579 plenum
711 2533 809 2567 beni·
883 2531 1127 2578 ligioffiffime.
1158 2545 1191 2565 v.
1220 2533 1370 2570 Sueten.
1397 2534 1436 2568 in
1462 2534 1550 2568 Tito

137 2605 217 2638 gno
245 2604 362 2627 cornu
387 2602 423 2627 et
448 2590 499 2625 ibi
526 2589 694 2625 Lambin.
723 2599 809 2622 con·
884 2601 916 2622 c.
952 2601 1003 2623 ιο.
1039 2589 1227 2634 persancte
1252 2590 1422 2626 Domitia
1447 2593 1550 2626 iura—

138 2658 201 2683 ttn'
213 2649 379 2693 maligne
395 2646 445 2682 est
462 2659 586 2691 parce.
882 2645 958 2681 bac.

184 2711 220 2745 3.
241 2704 431 2739 eumebria
440 2705 538 2743 eris]
567 2702 606 2736 h.
619 2713 651 2737 e.
665 2711 745 2735 cum
761 2697 808 2734 ad.

92 2773 236 2809 Terent.
266 2771 365 2809 com.
396 2773 496 2816 Τοιηε
521 2771 569 2807 lt.
1373 2767 1414 2809 L
