1708 3106
283 163 381 195 220
799 147 1182 195 PHORMIO.

207 290 261 331 25
275 279 590 346 Pamphilam
622 298 783 330 meam
816 279 1053 330 vendidit.
1133 281 1228 332 GE.
1261 281 1418 351 quid?
1464 283 1700 337 vendidit.

636 347 791 398 ANT.
820 349 917 397 Ain
936 347 1194 399 vendidit?

278 418 413 466 PHE.
447 415 685 466 Vendidit
714 415 779 476 6²⁸)
856 419 961 466 DO.
1007 435 1160 484 quam
1199 417 1463 486 indignum
1498 420 1697 472 facinus

636 484 869 535 ancillam
894 503 1009 533 aere
1031 499 1250 552 emptam
1272 488 1370 537 suo.

273 553 413 602 PHE.
434 556 651 621 Nequeo
674 555 708 615 *)
743 571 865 602 exm
868 571 951 602 are
975 567 1034 601 ut
1059 555 1125 614 **)
1160 568 1383 615 maneat,
1419 569 1472 606 et
1500 574 1617 611 cum
1644 555 1697 606 il-

634 620 684 671 lo
704 619 765 681 63)
801 635 860 670 ut
884 634 1050 669 mutet
1063 619 1214 671 fidem

276 689 530 739 Triduum
550 688 673 748 hoc,
707 689 829 739 dum
852 688 903 737 id
923 689 1062 755 quod
1083 691 1152 738 est
1170 691 1459 756 promissum
1494 691 1559 741 ab
1581 693 1697 742 ami-

635 759 708 807 cis
741 770 1004 824 argentum
1029 757 1216 807 aufero.

271 827 321 876 Si
349 844 452 875 non
474 838 582 875 tum
606 825 814 883 dedero,
847 843 1002 874 unam
1030 840 1292 891 praeterea
1317 825 1494 876 horam
1522 845 1586 876 ne
1612 846 1701 893 op⁴

629 907 806 959 pertus
838 891 941 943 fies.
963 890 1026 952 64)

200 972 253 1016 30
269 964 417 1013 DOR.
455 960 705 1012 Obtunde.
725 960 767 1023 *)
785 960 846 1021 ⁶5)
911 964 1061 1010 ANT.
1081 960 1236 1010 Haud
1251 960 1336 1010 lon
1374 980 1461 1011 um
1482 963 1550 1011 est
1570 966 1608 1025 *)
1644 963 1697 1014 id

629 1029 773 1097 quod
793 1043 906 1078 orat
923 1030 1104 1087 Dorio,
1136 1042 1310 1078 exoret

272 1098 406 1149 Idem
427 1098 526 1149 hoc
550 1097 642 1147 tibi
664 1097 806 1214 pund
829 1097 960 1198 bensse3
982 1098 1290 1164 promeritus
1319 1046 1472 1148 fueris
1507 1098 1694 1149 condu-

683 1182 893 1216 lcaverlt
962 1175 977 1225 )
1698 1205 1708 1212 ,

268 1237 377 1285 Do,
421 1234 589 1284 Verba
616 1186 764 1283 irsJtaec
795 1235 917 1283 sunt.
997 1232 1154 1283 ANT.
1186 1229 1565 1300 Pamphilamne
1596 1233 1693 1287 hac

628 1301 756 1353 urbe
776 1303 964 1369 privari
992 1300 1152 1351 finas‘?

266 1350 404 1422 Tum
437 1384 697 1439 praeterea
724 1369 908 1420 horum
929 1367 991 1433 67)
1029 1387 1250 1420 amorem
1270 1368 1472 1419 distrahi
1491 1372 1690 1437 poterin

663 1440 766 1488 ati?

264 1511 372 1558 DO.
402 1511 587 1576 Neque
611 1459 703 1573 ergo
723 1525 890 1575 neque
911 1520 982 1556 tu.
1051 1506 1151 1555 GE.
1183 1506 1269 1555 Dii
1302 1505 1395 1555 tibi
1425 1513 1600 1557 omnes'
1635 1505 1688 1555 id

622 1575 761 1643 quod
782 1594 837 1624 es
868 1574 1053 1640 dignus
1078 1574 1237 1625 duint.
1308 1619 1313 1623 .

189 1647 368 1697 35D0.
399 1645 508 1711 Ego
538 1657 587 1694 te
616 1642 925 1758 compluresl
921 1617 1199 1694 ”adversum
1229 1641 1486 1709 ingenium
1514 1625 1687 1691 meum

501 1745 504 1748 -
621 1713 811 1760 menses
833 1724 890 1759 tu
913 1729 943 1769 1,

259 1779 628 1830 Pollicitantem
658 1792 708 1827 et
737 1777 862 1826 nihil
884 1778 1136 1835 ferentem,
1156 1775 1371 1827 flentem.
1407 1792 1545 1826 nunc
1566 1792 1684 1826 con-

617 1859 696 1894 tra
718 1846 890 1894 omnia
909 1848 947 1906 *)
1703 1869 1708 1903 ;

259 1915 474 1983 Repperi
503 1915 592 1982 qui
614 1913 723 1969 det;
757 1930 926 1979 neque
944 1911 1199 1962 lacrumet.
1267 1913 1353 1962 Da
1380 1908 1552 1962 locum
1584 1930 1682 1964 me·
1704 1911 1708 1938 '³

617 1980 845 2033 lioribus.

316 2128 377 2168 62)
411 2125 647 2172 dedignando
702 2126 738 2172 ⁴⁸>
764 2127 855 2163 edic.
885 2138 1005 2173 neque
1032 2126 1187 2170 improb.
1215 2112 1337 2162 Be'riel.
1382 2125 1430 2167 μ)
1462 2124 1555 2163 εᾰίι.
1585 2127 1680 2163 add.
1706 2110 1708 2114 Α

362 2197 421 2218 me
445 2185 547 2229 prob.
570 2186 673 2219 Bent.
728 2183 794 2228 63)
822 2182 880 2218 cui
909 2181 1076 2218 vendidit
1124 2183 1191 2227 64)
1212 2195 1259 2218 ne
1290 2193 1456 2230 expectet
1520 2182 1559 2228 ⁴)
1584 2185 1677 2220 edie-

361 2239 535 2275 obtundis
592 2241 652 2284 65)
681 2240 814 2276 hebeta
870 2241 901 2282 ⁴¹)
926 2241 983 2277 ed.
1005 2254 1076 2275 om.
1105 2238 1155 2274 est
1199 2240 1261 2280 66)
1286 2239 1343 2274 vel
1370 2238 1689 2288 eonduplicavero⁴

359 2298 425 2344 67)
449 2296 628 2333 Phedriae
653 2308 688 2333 et
706 2297 921 2346 Pamphilae
977 2298 1008 2340 ⁴)
1031 2297 1123 2334 edic.
1151 2298 1241 2334 add.
1262 2295 1355 2332 haee
1381 2297 1489 2343 proh.
1508 2298 1630 2334 Bentl-

296 2479 352 2512 27.
379 2480 493 2504 mutet
514 2468 659 2514 fidem]
709 2480 852 2504 mutare
870 2469 927 2513 fi·
1003 2466 1084 2504 Cic.
1116 2461 1167 2500 'de
1195 2464 1306 2500 Offic.
1334 2467 1401 2503 111.
1436 2478 1502 2513 29·-
1518 2470 1676 2514 servare
1704 2499 1708 2515 ,-

250 2526 331 2561 dem
357 2539 438 2561 cum
458 2528 587 2574 aliquo
616 2525 666 2561 est
684 2524 792 2559 fidem
813 2524 923 2559 alicui
992 2526 1113 2573 fidem
1138 2537 1219 2560 cum
1245 2526 1374 2573 aliquo
1394 2533 1430 2558 et
1450 2522 1497 2558 ad
1514 2523 1673 2560 eundem
1693 2518 1708 2575 j

249 2580 372 2615 datam
396 2582 542 2618 fallere:
577 2594 671 2630 quae
691 2581 831 2617 locutio
852 2581 924 2617 fru-
997 2581 1151 2617 modum
1169 2582 1247 2617 Liv.
1268 2582 1436 2617 XXVIII.
1468 2592 1522 2626 17.
1536 2582 1705 2627 firma-1²

247 2637 315 2674 stra
352 2637 510 2684 suspecta
538 2650 614 2675 erat
637 2638 721 2674 viris
756 2638 922 2673 eruditis.
997 2654 1039 2676 re
1053 2640 1175 2684 fidem
1198 2652 1279 2676 cum
1297 2639 1428 2684 ah'quo
1445 2636 1509 2674 ub!
1527 2649 1559 2673 V·
1577 2634 1698 2674 Dn-

245 2695 307 2729 Sic
330 2696 366 2728 in
389 2697 505 2733 plaut.
530 2697 567 2732 in
589 2695 714 2732 Pteud.
736 2697 765 2730 Ι.
785 2703 818 2737 3.
843 2701 919 2737 141.
998 2695 1110 2733 kenb-

248 2751 341 2788 dixit
361 2756 515 2798 perdere
533 2767 614 2792 cum
639 2755 769 2799 aliquo
787 2753 920 2798 fidem.
