1708 3106
251 91 357 174 '246
775 111 1166 164 PHoRMm.

260 249 439 300 Statim
458 248 523 309 74)
553 246 797 314 capiebat.
831 251 960 303 Hem
983 251 1061 300 vir
1079 252 1188 301 viro
1209 249 1334 318 quid
1350 253 1576 319 praestat.
1587 256 1678 316 74⁸)

616 319 713 364 DE.
747 317 874 364 Bina
902 320 1121 384 quaefo⁹

258 386 412 436 NAU.
431 390 503 434 Ac
525 383 682 433 rebus
697 389 757 444 75)
793 384 1058 436 vilioribus
1077 385 1142 448 76)
1171 386 1348 447 multo,
1380 402 1551 473 tamea
1571 389 1675 441 duo

614 451 813 501 talenta.
837 460 897 509 77)
966 457 1065 504 DE.
1103 455 1205 505 hui.

254 522 413 572 NAU.
445 519 581 587 Quid
608 520 734 569 haec
757 520 1024 571 videntur?
1051 524 1154 572 DE.
1175 522 1387 574 Scilicet.
1412 527 1476 586 78)
1524 525 1674 577 NAU.

613 589 788 637 Virum
814 607 893 638 me
914 606 1082 639 natam
1114 591 1301 641 vellem.
1339 602 1398 651 79)
1703 589 1708 596 ’

185 678 236 706 ιο
250 656 361 724 Ego
381 655 699 705 ostenderem.
723 658 787 716 8⁰)
838 660 935 705 DE.
959 663 1100 708 Certe
1119 661 1227 710 scio.
1278 663 1325 709 N
1332 664 1428 709 AU.
1453 664 1568 728 Quo
1589 680 1676 730 pa-

614 728 729 775 cto?
798 728 894 773 DE.
930 728 1083 777 Parce
1102 729 1243 777 sodes
1266 729 1330 788 8¹)

253 796 325 842 Ut
341 792 491 859 pollis
514 811 628 844 cum
659 792 756 851 illa,
779 798 839 854 82)
875 813 939 843 ne
961 808 1010 844 te
1034 795 1320 846 adolescens
1341 794 1521 846 mulier
1541 796 1672 847 defa-

613 862 745 926 tiget.
766 866 827 921 83)

249 931 404 980 NAU.
438 930 638 980 Faciam
674 944 733 977 ut
759 928 917 979 iubes.
971 930 1068 980 Sed
1092 949 1258 981 meum
1289 932 1452 982 virum
1483 951 1513 982 a
1533 946 1583 982 te
1611 936 1676 995 84)

493 1007 499 1013 ”
613 998 748 1046 exire
768 997 928 1047 video.
994 1000 1089 1047 CH.
1111 1001 1235 1049 Hem
1258 999 1512 1066 Demipho
1536 1006 1598 1063 85)

249 1070 354 1116 Iam
379 1065 452 1115 illi
472 1064 533 1126 86)
567 1068 742 1114 datum
771 1066 839 1113 est
872 1070 1164 1132 argentum?
1237 1070 1337 1116 DE.
1377 1071 1560 1118 Curavi
1603 1070 1676 1119 ili·
1701 1082 1708 1094 “

613 1152 686 1182 co.
712 1136 776 1193 87)
848 1135 943 1181 CH.
982 1134 1178 1184 Nollem
1205 1133 1380 1184 datum
1404 1138 1445 1197 ⁴¹)
1479 1138 1537 1186 (ᾗ.
1676 1141 1681 1143 ’

248 1201 407 1251 Video
439 1220 647 1251 uxorem
674 1207 734 1262 88)
767 1201 805 1260 *)
851 1220 980 1268 pene
1008 1208 1069 1262 89)
1120 1203 1238 1271 plus
1268 1208 1422 1270 quam
1452 1205 1524 1255 sat
1553 1220 1677 1259 erat.

614 1273 709 1317 DE.
745 1274 847 1318 Cur
866 1269 1024 1319 nolles
1045 1269 1288 1320 Chreme?

181 1348 232 1390 ιε
249 1316 344 1387 CH.
367 1339 472 1387 Iam
492 1351 639 1387 recte.
662 1347 725 1397 9⁰)
793 1341 880 1386 DE
927 1340 1059 1404 Quid
1078 1354 1133 1388 tu
1153 1358 1210 1388 ec
1231 1345 1293 1394 9¹)
1326 1338 1452 1406 quid
1467 1338 1673 1392 locutus

611 1424 726 1455 cum
756 1407 845 1454 ista
873 1410 962 1455 es?
1027 1410 1192 1473 Quam
1228 1407 1295 1458 ob
1324 1425 1428 1457 rem
1459 1407 1591 1460 hauc
1610 1417 1672 1474 9²)

610 1474 878 1526 ducimus?
905 1478 968 1532 93)
1400 1509 1404 1513 Δ

250 1546 349 1595 CH.
373 1544 623 1610 Transegi.
648 1542 712 1603 94)
779 1545 876 1591 DE.
911 1542 1047 1609 Quid
1070 1544 1142 1592 ait
1163 1542 1403 1596 tandem?
1452 1546 1549 1596 CH.
1579 1547 1676 1596 Ab.

610 1611 728 1660 duci
750 1629 852 1659 nou
875 1612 1046 1678 potest.
1065 1615 1129 1674 95)
1192 1613 1296 1662 DE.
1318 1613 1419 1681 Qui
1442 1618 1488 1656 95
1498 1619 1532 1677 ³)
1567 1633 1674 1671 non

550 1726 554 1730 .
607 1678 801 1748 potest?

308 1863 368 1906 74)
386 1858 511 1894 leviter
528 1857 583 1892 vel
601 1857 708 1892 Facile
725 1867 827 1906 pater
843 1869 945 1891 meus
993 1861 1037 1901 74
1049 1859 1083 1896 a)
1109 1866 1284 1904 quantum
1308 1858 1498 1903 praecellit
1543 1864 1602 1905 75)
1626 1862 1672 1898 de

353 1915 461 1951 rebus
518 1915 583 1960 76)
605 1914 678 1948 hoc
708 1913 870 1948 sumebat
925 1917 983 1958 77)
1008 1912 1145 1948 scilicet
1170 1913 1378 1959 reportabat
1424 1917 1488 1962 78)
1514 1918 1672 1955 multum

351 1983 426 2008 erat
474 1972 538 2017 79)
556 1971 683 2006 vellem
702 1970 729 2006 fi
749 1982 877 2006 natura
898 1980 1078 2017 pateretur
1094 1980 1134 2004 ut
1153 1969 1259 2005 ess'em
1277 1971 1330 2006 vir
1346 1982 1451 2007 natus
1498 1975 1564 2019 80)
1583 1976 1674 2023 quid

352 2030 475 2078 potuit
495 2040 596 2075 pater
615 2041 717 2064 meus
773 2028 839 2074 8¹)
863 2026 983 2061 minus
1003 2026 1152 2072 loquere
1198 2028 1263 2074 82)
1287 2028 1428 2063 Phanio
1486 2035 1546 2072 33)
1571 2045 1618 2066 ne
1636 2044 1673 2068 ῃ,-

350 2086 491 2133 superet
559 2091 618 2131 84)
649 2099 670 2121 a
693 2085 804 2120 domo
836 2095 900 2119 tua
967 2086 1026 2125 85)
1054 2096 1076 2117 ο
1106 2084 1292 2131 Demipho
1361 2085 1427 2136 86)
1457 2086 1671 2124 Phormioni

352 2149 413 2187 87)
449 2155 487 2179 ut
515 2144 659 2180 daretur
727 2141 766 2187 ¹⁸)
791 2142 881 2176 edic.
911 2152 948 2176 ec
974 2142 1092 2177 Bentl.
1123 2140 1260 2178 datum.
1295 2142 1367 2176 Hei
1436 2147 1496 2185 88)
1523 2157 1672 2181 uxorem

349 2201 388 2246 ‘)
412 2203 501 2238 edit.
527 2203 680 2249 disting.
700 2202 780 2246 pose
803 2209 950 2232 uxorem
998 2198 1064 2246 89)
1096 2211 1209 2245 prope
1227 2211 1285 2233 me
1305 2198 1386 2246 plus
1406 2210 1515 2245 quam
1541 2200 1672 2236 vellem

348 2263 409 2305 90)
432 2258 552 2293 dicam
599 2262 660 2304 91)
679 2271 762 2292 ecce
806 2256 872 2302 92)
892 2254 1071 2290 Phanium
1118 2257 1184 2301 93)
1207 2255 1347 2290 adomo
1367 2254 1485 2289 nostra
1511 2256 1577 2303 94)
1594 2271 1674 2306 per-

352 2316 408 2361 ogi
452 2317 518 2363 95)
540 2315 697 2351 abstrahi
718 2314 762 2350 ab
779 2313 993 2361 Antiphone
1012 2312 1076 2347 illa
1095 2312 1217 2360 puella
1261 2320 1308 2360 95
1318 2314 1352 2357 a)
1373 2325 1495 2361 quare.

290 2547 322 2582 7.
340 2537 497 2583 statim]
532 2535 570 2570 h.
593 2549 623 2571 e.
642 2549 717 2571 uno
737 2534 835 2584 quali
854 2535 921 2569 sta·
1041 2546 1075 2581 9.
1093 2535 1262 2582 seilicet]
1311 2535 1362 2572 est
1379 2534 1509 2582 frigide
1526 2535 1672 2585 respon-

244 2602 305 2632 tu‚
331 2604 526 2639 perpetuo,
560 2593 769 2641 aequaliter.
802 2591 919 2627 Plaut.
1000 2591 1134 2626 dentis.

243 2648 282 2682 in
307 2650 485 2695 Amphitr.
515 2651 544 2684 Ι.
571 2663 598 2684 ι.
619 2658 675 2692 85.
697 2662 761 2685 nec
778 2649 920 2684 recedit
1044 2651 1170 2684 virum
1191 2661 1246 2683 me
1264 2660 1393 2683 natam
1415 2649 1566 2693 vellem]
1612 2660 1672 2683 vo-

243 2702 326 2742 lo'co
347 2710 437 2754 quin
449 2708 582 2752 statim
598 2722 675 2744 rem
697 2718 820 2755 gerat.
995 2704 1100 2743 nuste
1119 2704 1281 2741 abundat
1301 2718 1430 2743 natam
1449 2705 1668 2752 RmiLLup.
