1664 3100
142 144 207 209 93
693 139 1016 187 HECYRA.

147 276 214 319 Ut
240 286 388 330 neque
418 273 629 332 spectari,
676 284 827 326 neque
854 271 1066 330 cognosci
1093 273 1310 330 potuerit.

148 346 217 388 Ita
244 342 441 402 populus
470 343 615 386 studio
643 340 846 398 stupidus
878 345 926 383 in
962 339 1234 384 funambulo

105 421 135 464 5
150 414 370 458 Animum
390 419 649 470 occuparat.
694 408 828 452 Nunc
845 409 958 453 haec
983 411 1025 465 ⁴)
1053 409 1185 468 plane
1204 410 1266 452 est
1287 422 1372 467 pro
1392 423 1509 455 nova
1525 411 1567 466 ⁵)

146 485 207 528 Et
233 487 274 526 is
301 483 346 538 ⁶)
379 486 455 537 qui
483 479 653 539 scripsit
677 478 823 528 hanc,
859 480 918 521 ob
951 493 1049 521 eam
1081 494 1178 521 rem
1207 478 1353 521 noluit

149 553 322 596 Iterum
354 552 552 599 referre,
601 557 652 590 ut
676 552 841 590 iterum
869 548 999 606 posfit
1027 549 1242 591 vender'e.
1275 551 1316 603 ⁷)

147 621 275 666 Alias
302 621 544 681 cognostis,
568 619 614 674 Β)
646 615 692 672 *)
724 621 820 661 eius
844 617 1002 673 quaeso
1029 618 1071 673 ⁹)
1101 616 1218 660 hanc
1239 633 1361 662 nunc
1381 618 1565 669 noscite.

1312 735 1337 747 l

246 773 285 814 4)
312 767 435 803 fabula
497 771 541 815 5)
565 764 704 803 scilicet
730 766 913 802 recitatur.
981 764 1170 811 Quoniam
1197 765 1317 812 prima
1344 765 1422 801 vice
1447 780 1569 816 neque

249 824 408 862 secunda
428 836 505 862 tota
523 826 671 861 recitata
691 823 742 859 est
787 824 830 869 6)
856 833 965 870 poeta
984 823 1180 858 Terentius
1227 827 1264 863 7)
1289 821 1350 857 sed
1372 823 1570 860 utilitatem

251 882 432 918 conferret
457 882 598 931 populo
627 883 735 930 eique
759 875 922 929 plhceret
976 882 1018 926 8)
1047 892 1114 927 pro
1144 879 1362 924 cognovistis
1415 882 1449 923 ²⁸¹)
1474 883 1571 922 edic,

249 942 406 988 dzsting.
423 943 505 988 post
524 940 601 976 eius
617 940 723 986 prob.
745 939 865 976 Bentl.
920 940 958 984 9)
984 950 1006 972 0
1027 934 1202 972 Romani.

143 1108 351 1156 disciplina.
389 1110 489 1146 Nam
509 1121 658 1155 augures
678 1111 817 1145 vitium
864 1123 867 1129 ’
892 1106 1071 1154 piendum
1089 1105 1164 1141 hoe
1179 1104 1326 1140 verbum
1338 1106 1410 1143 efle
1423 1106 1572 1156 [equen-
1610 1106 1617 1112 '

143 1166 397 1214 appellabant,
459 1166 488 1201 fi
528 1164 701 1201 tonuisset
755 1176 819 1201 aut
893 1164 946 1199 tia
964 1163 1112 1201 docent.
1132 1177 1163 1198 v.
1183 1164 1348 1199 perizon.
1371 1164 1570 1203 adsanctii

143 1223 389 1268 grandinaffet
411 1222 556 1257 aliudve
567 1221 720 1262 saevum,
743 1235 816 1269 quo
891 1220 988 1256 Min.
1005 1222 1068 1256 IV.
1085 1233 1137 1255 ιι.
1155 1233 1192 1268 p.
1208 1233 1288 1266 7²²·

144 1281 296 1316 comitia
336 1280 610 1319 dirimerentur,
657 1278 818 1313 observa·
936 1283 972 1321 4.
986 1276 1125 1324 studio
1142 1279 1350 1325 stupidus]
1404 1279 1431 1318 i.
1447 1292 1479 1316 ο.
1497 1279 1570 1317 stu·
1586 1288 1597 1295 ⁶

142 1346 221 1371 tum
268 1336 365 1373 ess'et.
431 1336 530 1371 Hinc
564 1338 665 1372 vitio
699 1338 820 1373 creati
895 1333 959 1368 dio
1011 1332 1199 1382 spectandi
1248 1345 1285 1372 et
1326 1335 1570 1376 admiratione

141 1396 387 1442 magistr-atus
405 1392 486 1428 sunt
504 1392 610 1427 malis
631 1392 817 1428 ominibus
863 1395 866 1399 ’
891 1390 1054 1438 stupens.

142 1452 272 1491 creati,
307 1451 370 1499 qui
390 1450 612 1497 cogebantur
636 1449 820 1496 magistra·
939 1456 974 1490 5.
1001 1451 1177 1485 Animum
1205 1451 1435 1497 occupatae]
1477 1451 1509 1494 ‘i.,
1532 1464 1566 1488 ο.

140 1514 220 1542 tum
248 1508 444 1556 deponere.
502 1509 601 1543 Hinc
631 1507 741 1543 etiam
769 1508 819 1542 vi·
896 1506 1059 1540 animum
1079 1517 1299 1553 occupatum
1317 1507 1572 1549 habebnul’a‘

141 1564 235 1599 tium
268 1579 334 1612 pro
376 1566 503 1612 quovis
537 1565 817 1613 impedimento.
895 1563 1020 1597 cuvius
1040 1575 1099 1608 ap.
1120 1563 1223 1598 Non.
1242 1565 1408 1602 Marcell
1430 1580 1465 1615 p.
1486 1576 1569 1612 355.

140 1619 201 1654 De
234 1622 453 1667 proprietate
490 1623 589 1657 vocis
616 1625 818 1658 calamitas
895 1618 1030 1653 diversa
1048 1619 1236 1655 structura.
1249 1621 1365 1657 Plaut.
1383 1623 1420 1658 in
1438 1624 1567 1662 Pseud.

142 1675 301 1712 diximus
322 1677 369 1712 ad
388 1679 480 1717 Eun.
499 1681 528 1714 Ι.
552 1691 582 1713 1.
603 1685 660 1722 34.
893 1676 922 1711 Ῑ.
938 1683 972 1718 5
998 1683 1073 1718 135·
1097 1677 1143 1712 de
1167 1692 1239 1726 quo
1258 1690 1296 1715 ee
1313 1681 1368 1717 ad
1382 1683 1495 1719 aliud
1508 1696 1568 1720 οο-

188 1741 224 1775 5.
239 1735 441 1781 spectari]
473 1734 510 1769 h.
533 1747 566 1769 e.
586 1733 816 1782 prospectari,
894 1744 1002 1776 cupes-
1020 1735 1223 1780 negocium.

143 1801 260 1837 usque
282 1789 328 1824 ad
347 1791 458 1826 finem
477 1790 641 1839 spectari.
679 1791 742 1826 Sic
761 1803 820 1826 ca·

713 1915 1004 1928 —--——-——
