1708 3106
510 185 647 230 Acr.
678 183 735 230 11.

820 181 854 230 S
866 197 893 228 c
906 188 995 229 eu.
1028 183 1082 228 11.
1403 182 1502 231 205

93 273 218 367 Aliis
237 313 302 380 9⁶)
337 314 539 366 aliunde
569 316 638 365 est
668 312 935 380 periclum,
975 311 1111 364 unde
1141 311 1335 379 aliquid
1362 312 1502 364 abra-

451 383 502 432 di
527 392 589 439 97)
618 383 790 449 potest.

19 474 76 502 20
90 451 219 502 Mihi
238 453 398 503 sciunt
416 450 539 500 nihil
560 451 674 508 effe3
708 448 857 499 dices.
877 453 939 511 98)
980 451 1189 498 Ducent
1205 450 1272 508 99)
1303 448 1502 499 damna-

447 532 554 568 tum
577 518 795 567 domum.

90 585 236 637 Alere
262 585 447 637 nolunt
472 585 722 636 hominem
753 583 957 633 edacem
986 586 1023 643 ¹)
1074 583 1138 633 Et
1168 584 1366 651 sapiunt
1395 585 1505 651 qui·

445 653 555 702 dem
582 670 693 702 mea
713 654 967 710 sententia,
990 654 1028 711 ²)

90 724 188 772 Pro
207 719 454 772 maleficio
475 720 511 770 fi
533 719 829 772 beneficium
851 720 1096 768 summum
1119 721 1159 779 3)
1192 717 1376 768 nolunt
1398 718 1504 768 red-

449 788 564 847 dere
587 791 627 850 4)

91 856 191 906 GE.
225 858 348 908 Nou
375 859 538 924 potest
566 857 681 905 satis
714 872 810 921 pro
844 857 1023 905 merito
1048 859 1089 917 5)
1132 853 1195 904 ab
1227 853 1316 904 illo
1340 851 1378 916 6)
1409 854 1501 904 tibi

443 926 613 974 referri
630 924 808 990 gratia.

87 993 236 1041 PHO.
267 995 425 1042 1m1no
448 994 579 1041 enim
603 1008 750 1040 nemo
770 991 882 1040 satis
902 1007 996 1057 pro
1014 990 1192 1039 merito
1217 994 1255 1051 7)
1289 986 1502 1054 gratiam

442 1062 545 1126 regi
574 1060 734 1116 refert,
758 1063 796 1136 8)

17 1135 73 1176 25
86 1128 230 1175 Tene
262 1125 586 1177 adfimbolum
609 1125 652 1188 *>
682 1128 852 1176 venire
881 1137 1092 1174 unctum
1122 1138 1277 1193 atque
1303 1123 1503 1173 lautum

439 1213 467 1243 e
487 1194 682 1244 balneis

90 1261 314 1309 Otiosum
346 1260 409 1310 ab
442 1264 623 1317 animo,
647 1267 686 1322 9)
723 1278 839 1311 curn
869 1258 951 1308 ille
972 1262 1032 1320 ¹⁰)
1064 1273 1116 1309 et
1144 1277 1269 1310 cura
1303 1273 1354 1308 et
1380 1260 1502 1308 sum-

445 1342 538 1395 ptu
560 1328 834 1378 absumitur
858 1330 918 1386 ¹¹)

88 1397 225 1444 Dum
236 1392 326 1459 tibi
339 1393 397 1444 fit
408 1396 547 1466 quod
558 1395 766 1463 placeat.
788 1394 882 1454 ‚ille
902 1394 1128 1460 ringitur,
1144 1402 1181 1424 ¹¹
1196 1397 1231 1454 ιι)
1249 1406 1305 1442 tu
1321 1391 1500 1442 rideas.

148 1539 216 1585 96)
243 1535 386 1573 diverfin
414 1537 626 1573 hominibus
689 1542 748 1585 97)
784 1538 940 1574 abstrahi
1001 1538 1067 1584 98)
1092 1521 1196 1574 mih'i.
1225 1535 1307 1571 vel?

1371 1494 1436 1582 93-3)
1467 1546 1504 1570 te

199 1598 316 1637 rkme
362 1595 404 1639 2)
429 1604 464 1629 et
491 1606 557 1640 ego
585 1595 652 1630 tibi
683 1595 766 1629 dico
793 1595 819 1630 i.
846 1609 877 1630 e.
908 1594 1085 1641 [apienter
1113 1604 1224 1639 agunt
1250 1606 1332 1628 meo
1362 1593 1503 1628 iudicio

193 1655 231 1695 3)
258 1651 394 1685 victum
439 1651 482 1696 4)
505 1650 598 1685 mihi
609 1652 673 1686 vel
693 1652 800 1686 alicui
821 1651 1008 1686 innocenti
1054 1655 1091 1693 5)
1115 1661 1179 1684 tuo
1234 1651 1271 1691 6)
1289 1650 1500 1698 Antiphone

190 1710 232 1754 7)
254 1706 449 1742 secundum
477 1708 576 1755 quod
599 1708 728 1754 dignus
759 1710 809 1744 est
862 1710 904 1754 8)
932 1708 1031 1755 quod
1057 1708 1217 1756 periculo
1246 1719 1435 1753 opponens
1465 1706 1501 1740 so

191 1763 394 1800 libertatem
414 1766 551 1812 patriae
572 1765 686 1800 donat
731 1766 764 1808 ⁸)
782 1768 874 1802 edit.
893 1765 1114 1812 alymbolum
1158 1767 1201 1810 9)
1219 1765 1338 1810 placet
1375 1764 1437 1809 io)
1448 1762 1502 1797 di-

192 1833 253 1858 ves
272 1821 427 1869 quilibet
486 1823 548 1868 ιι)
573 1823 628 1857 vel
647 1821 833 1859 assumitur
882 1835 919 1858 ιι
934 1826 968 1868 a)
998 1823 1122 1858 animo
1151 1821 1416 1868 constringitur.

139 1979 195 2016 ¹9.
231 1970 330 2006 unde
353 1970 503 2017 aliquid
530 1970 668 2005 abradi
690 1985 757 2015 po·

88 2027 184 2075 test]
233 2026 273 2062 h.
294 2039 325 2060 e.
348 2038 367 2059 a
394 2024 520 2071 quibus
542 2025 682 2072 aliquid
699 2039 760 2073 pe·

83 2076 219 2118 cuniae
250 2082 380 2117 auferri
407 2079 534 2127 potest.
594 2082 760 2116 Imitatur

89 2139 217 2174 Cicero
245 2152 311 2186 pro
351 2139 459 2173 Caec.
488 2150 520 2171 e.
556 2150 588 2181 7.
615 2139 758 2182 postea-

88 2194 202 2244 quam
219 2196 326 2231 videt
355 2194 453 2230 nihil
471 2196 514 2238 se
530 2195 576 2230 ab
601 2197 761 2230 caecina

23 2291 28 2293 ,
88 2253 188 2296 posse
204 2254 330 2287 litium
350 2263 492 2287 terrore
507 2252 696 2286 abradere.

137 2315 194 2349 25.
213 2319 361 2344 unctum
380 2320 490 2354 atque
507 2308 666 2350 lautum]
689 2307 761 2340 Ve-

91 2372 184 2398 tere·
213 2363 379 2410 quotidie
413 2363 576 2398 solebant
609 2362 643 2397 Ie
677 2373 760 2396 ante

92 2415 245 2453 'coenam
273 2420 390 2455 lavare
419 2421 457 2454 in
482 2419 613 2453 balneo
640 2429 675 2452 et
697 2431 761 2451 un-

92 2485 186 2520 gere.
214 2487 246 2508 v.
268 2476 347 2510 Cic.
376 2476 421 2511 ad
442 2469 548 2511 A'ttic.
579 2476 674 2509 XIII.
704 2486 763 2519 ep.

92 2531 159 2566 ult-
177 2532 257 2575 post
275 2532 403 2567 horam
424 2533 517 2567 VIII
534 2536 573 2568 in
592 2532 761 2567 balneum

26 2612 31 2617 ·
94 2607 140 2614 —
158 2600 290 2623 unctus
308 2590 376 2630 efi.
402 2589 586 2624 accubuit.

140 2644 196 2678 26.
229 2645 390 2689 Ociofiim
410 2646 459 2680 ab
485 2642 635 2686 animo]
684 2641 708 2675 ἰ.
729 2654 761 2680 e.

94 2711 244 2749 vacuum
260 2700 352 2734 curis
369 2710 404 2734 et
419 2698 672 2734 sollicitudine.
686 2697 762 2732 Sal-

95 2754 176 2792 lust.
196 2756 235 2790 iu
245 2756 324 2801 Ing.
345 2767 373 2790 c.
391 2763 448 2799 52.
467 2759 590 2792 animo
601 2768 760 2792 vacuum

833 1972 988 2015 accepit.
1018 1967 1081 2002 ubi
1107 1981 1137 2002 v.
1158 1968 1259 2003 cort.
1285 1966 1503 2016 Praepofitio

834 2027 882 2061 ab
900 2026 1112 2072 plerumque
1132 2025 1322 2059 omittitur.

879 2094 936 2126 27.
963 2083 1050 2117 dum
1071 2080 1229 2124 cibiste]
1268 2079 1504 2115 Guilielmius

836 2137 967 2185 quaest.
989 2138 1103 2172 Plaut.
1128 2149 1158 2170 c.
1177 2145 1234 2177 8¹.
1258 2149 1277 2169 e
1296 2135 1413 2171 Msstis
1436 2137 1506 2171 ele-

835 2204 961 2238 ganter
987 2193 1073 2237 legit
1101 2194 1189 2229 dum
1218 2195 1290 2229 tibi
1303 2194 1370 2238 fic
1405 2194 1506 2228 Nam

826 2250 921 2294 fier-i
932 2250 1116 2297 proprium
1129 2249 1274 2284 verbum
1294 2250 1399 2285 estin
1421 2263 1507 2284 con·

835 2306 958 2344 viviis,
987 2317 1070 2340 cum
1097 2305 1250 2340 deliciae
1271 2296 1505 2341 instruuntur.

834 2363 976 2397 Petron.
997 2375 1027 2396 c.
1044 2362 1098 2397 26.
1111 2364 1259 2406 nesbitt's
1277 2363 1387 2399 hodie
1403 2365 1506 2407 apud

837 2433 938 2465 quem
947 2419 1028 2463 fiae
1041 2421 1060 2452 ?
1083 2419 1141 2453 ubi
1160 2431 1192 2454 v.
1213 2420 1395 2467 interpret.
1416 2421 1504 2455 edit.

835 2476 955 2509 Burm.
978 2489 1014 2520 p.
1038 2487 1113 2520 ¹27·

881 2533 1071 2578 ringitur]
1119 2531 1157 2565 h.
1180 2545 1212 2567 e.
1232 2530 1411 2571 irascitur,
1436 2533 1505 2568 sso-

836 2587 1036 2622 machatur.
1070 2588 1150 2623 Cic.
1177 2587 1222 2622 ad
1245 2589 1351 2624 Λαὶς.
1379 2591 1441 2624 IV.
1468 2598 1504 2632 5.

837 2644 880 2679 1ιί
903 2640 1168 2689 subringentur
1197 2649 1261 2693 qui
1286 2647 1422 2682 villam
1448 2660 1505 2680 me

807 2702 983 2747 'moleste
1006 2703 1142 2745 ferunt
1179 2702 1319 2737 habere.
1383 2705 1505 2749 Ringr‘

835 2756 980 2803 proprie
1008 2756 1177 2794 dicuutur
1195 2770 1322 2799 canes,
1358 2771 1439 2794 cum
1457 2759 1504 2794 ri-
