1664 3100
88 96 153 145 88
621 51 987 142 ΑΒὲῙ-ΡΗῙ.

89 226 264 280 Iudico
297 230 480 295 Syrum
515 226 623 279 fieri
659 229 752 280 esse
786 246 1006 297 aequum
1032 231 1098 293 98)
1127 225 1355 280 liberum.
1419 227 1527 277 Ml«-

451 299 617 347 Istunc
637 296 852 347 liberum
868 301 890 345 ?

94 365 368 434 Quodnam
398 364 466 416 ob
497 365 718 415 factum?
781 365 885 414 DE.
918 364 1083 416 Multa
1111 370 1174 426 99)
1239 367 1328 416 SY.
1357 367 1400 414 Ο
1425 381 1511 416 uo-

450 435 546 484 ster
565 436 781 491 Demea,
819 433 1001 501 edepol
1028 435 1104 483 vir
1129 433 1311 483 bonus.
1332 437 1374 494 *)

49 501 195 570 SEgo
226 503 344 554 istos
370 501 530 619 vobisd
547 519 713 617 ulsque
741 503 779 564 ι>
813 520 845 551 a
864 504 1034 569 pueris
1060 504 1102 563 ²)
1137 504 1311 553 curavi
1333 501 1512 553 ambos

454 571 498 619 se
538 589 568 618 u
594 588 636 619 o.

91 640 286 698 Docui,
321 639 518 696 monui,
552 637 684 688 bene
715 638 952 707 praecepi
975 638 1165 706 semper
1201 654 1335 706 quae
1366 638 1516 705 potui

453 723 635 757 omma.

95 774 198 824 DE.
238 775 336 825 Res
367 787 589 842 apparet.
670 775 759 824 SY.
785 773 824 834 ¹⁵)
864 774 928 823 Et
962 772 1170 841 quidem
1205 790 1360 840 porro
1390 772 1517 824 haec

453 841 697 891 obsonare
722 846 759 902 ὅ)
797 860 912 892 cum
943 840 1054 900 fide,

93 913 331 959 Scortum
355 908 620 966 abducere,
641 911 676 969 *)
709 927 956 976 apparare
979 910 1041 958 de
1063 908 1142 960 die
1165 910 1469 960 convivium.

96 981 217 1028 Non
241 979 284 1039 4)
316 977 584 1027 mediocris
621 977 840 1027 hominis
873 977 998 1027 haec
1037 978 1150 1028 sunt
1178 975 1357 1027 officia.
1421 980 1518 1031 ,SY.

458 1049 501 1094 O
535 1044 760 1112 lepidum
783 1048 825 1106 5)
863 1059 1032 1112 caput.

28 1135 77 1163 ιο
92 1112 195 1163 DE.
229 1113 481 1163 Postremo
502 1112 652 1163 hodie
674 1115 727 1162 in
747 1112 946 1179 psaltria
967 1114 1088 1165 istac
1108 1111 1342 1172 emunda,
1364 1110 1403 1174 6)
1436 1111 1521 1163 hic

458 1180 664 1231 adiutor
695 1181 803 1239 fuit,

95 1247 196 1299 Hic
219 1250 436 1307 curavit,
471 1248 698 1316 prodesse
722 1254 760 1310 7)
795 1266 1020 1318 aequum
1043 1247 1122 1299 est.
1163 1243 1248 1297 alii
1272 1249 1314 1310 8)
1353 1246 1521 1299 melio-

408 1342 411 1345 ·
454 1334 534 1365 res
559 1331 720 1367 erunt.

96 1385 335 1452 Denique
354 1381 440 1435 hic
464 1389 530 1442 8⁸)
564 1383 676 1435 vult
695 1383 817 1434 fieri.
840 1390 880 1444 9)
947 1384 1039 1432 ΜΙ.
1060 1383 1157 1432 Vin
1176 1389 1234 1432 tu
1253 1381 1354 1435 hoc
1375 1381 1520 1434 fieri?

459 1452 554 1502 AE.
588 1455 762 1519 Cupio.
829 1452 918 1502 Ml.
951 1451 1004 1501 Si
1039 1451 1245 1518 quidem

98 1522 184 1569 Tu
202 1520 291 1579 vis,
324 1522 447 1586 Syre
472 1526 528 1580 ¹⁰)
558 1520 654 1570 eho
680 1520 864 1572 accede
882 1520 983 1572 huc
1004 1520 1070 1571 ad
1088 1536 1181 1570 me.
1221 1546 1224 1549 -
1247 1518 1523 1575 Liberesto.

459 1592 549 1639 SY.
585 1591 722 1638 Bene
746 1589 883 1638 sacis.
1303 1628 1313 1639 .

99 1652 348 1705 Omnibus
371 1658 585 1722 gratiam
602 1654 781 1714 habeo,
815 1670 866 1705 et
889 1657 1105 1706 seorsum
1127 1658 1186 1717 ¹¹)
1221 1652 1314 1703 tibi
1332 1669 1525 1720 praete·

457 1742 543 1772 rea
571 1726 773 1772 Demea.
799 1728 856 1785 η)

32 1800 81 1841 ι5
96 1790 201 1840 DE.
236 1787 464 1840 Gaudeo.
529 1792 624 1839 AE.
647 1792 711 1839 Et
730 1808 836 1857 ego.
899 1793 988 1840 SY.
1006 1789 1179 1839 Credo.
1201 1791 1403 1840 Utinam
1424 1788 1524 1841 hoc

457 1872 759 1926 perpetuum
791 1855 882 1908 fiat
918 1857 1172 1927 gaudium.

159 2012 226 2058 98)
253 2009 353 2046 iuste.
402 2014 462 2057 99)
488 2011 575 2049 fecit
598 2011 695 2047 bona
740 2013 773 2054 ⁸)
808 2015 900 2050 edit.
923 2014 1012 2051 add.
1036 2025 1073 2048 es
1089 2014 1194 2059 prob.
1217 2015 1338 2049 Bentl.
1390 2012 1428 2058 ι)
1450 2012 1523 2048 val-

206 2066 252 2102 de
290 2068 331 2114 2)
350 2067 393 2103 ab
414 2067 581 2105 infantia.
621 2070 659 2116 ¹⁸)
679 2073 719 2106 In
738 2071 858 2118 m'arg.
878 2084 903 2107 a
918 2074 1053 2116 prima.
1073 2082 1114 2107 ue
1130 2071 1286 2107 videtur
1303 2067 1416 2125 'manu
1431 2070 1522 2107 haec

205 2126 323 2162 verba
346 2128 444 2174 Syro
471 2127 698 2166 tribuuntur,
723 2141 815 2176 quae
835 2129 1036 2175 secundum
1054 2129 1146 2165 edic.
1173 2139 1210 2164 ec
1228 2126 1346 2164 Bentl·
1375 2128 1429 2162 ad
1444 2131 1523 2174 ser-

207 2195 347 2218 monem
370 2184 530 2219 Demeae
545 2186 735 2229 pet-tinent
781 2185 822 2228 3)
850 2183 1000 2219 obsoni·
1018 2195 1144 2232 parare
1190 2184 1221 2223 ⁴)
1249 2185 1341 2220 edit.
1365 2183 1522 2219 adduce-

207 2250 266 2277 re,
296 2241 449 2283 impr-ob.
473 2242 596 2277 Bentl.
659 2241 702 2285 4)
737 2243 876 2277 Eadem
905 2244 1062 2291 antiqua
1100 2254 1234 2278 manus
1262 2242 1522 2289 super-sbripfic

209 2295 261 2330 ³1.
291 2296 414 2343 (alii)
449 2298 590 2333 Demea
657 2301 694 2341 5)
732 2297 933 2334 iucundum
1002 2299 1045 2342 6)
1081 2310 1146 2346 pro
1178 2297 1331 2333 emenda
1403 2302 1438 2344 7)
1465 2298 1521 2334 illi

206 2352 249 2398 8)
276 2351 361 2389 servi
409 2358 476 2397 ga)
510 2353 705 2390 Aeschinus
752 2355 794 2401 9)
818 2354 968 2392 utlibet
989 2354 1054 2393 fiat
1102 2354 1165 2402 ιο)
1189 2368 1212 2390 ο
1233 2355 1317 2402 Syre
1366 2360 1422 2398 ιι)
1446 2355 1523 2405 spe-

210 2408 347 2446 cialiter
405 2412 467 2458 η)
488 2423 511 2448 n
530 2413 681 2449 Demea.
1098 2442 1101 2445 v

243 2468 297 2501 Ἠ

150 2589 182 2621 7.
210 2579 284 2615 Res
309 2581 490 2626 apparet]
538 2581 561 2616 i.
581 2593 611 2616 e.
641 2594 696 2617 res
723 2581 779 2630 ip·
899 2597 979 2620 eum
990 2584 1077 2630 fide
1093 2583 1285 2629 fior-eum]
1335 2581 1359 2617 ἰ.
1378 2594 1409 2618 e.
1430 2581 1523 2630 psal-

103 2630 139 2666 [ι
165 2633 283 2676 docet,
325 2648 442 2671 rerum
473 2636 679 2673 testimonia
714 2639 778 2675 ad·
851 2641 957 2675 triam
988 2654 1080 2690 quae
1110 2640 1242 2675 fidibus
1269 2649 1387 2675 canat.
1443 2640 1525 2675 Fre-

104 2688 198 2727 sunt.
853 2698 1023 2743 quentior
1041 2696 1091 2735 est
1109 2697 1259 2745 pluralis
1270 2697 1386 2745 fides,
1410 2699 1501 2734 ium.
