1708 3106
210 188 319 235 ³160
764 141 1099 233 HECYR·A·

146 331 201 372 25
217 323 302 370 Me
324 320 632 388 segregatum
653 315 878 435 halssulisse
897 337 1110 369 uxorem
1133 331 1193 370 ut
1212 322 1274 382 99)
1321 318 1470 373 duxit
1496 337 1528 371 a
1548 339 1639 372 me

575 391 692 436 Pam
769 405 783 436 1
807 405 907 436 um.

208 460 308 506 LA
341 459 443 523 Lep
445 454 529 505 ida
557 460 592 518 ι)
625 405 731 504 esp
760 454 858 503 Sed
890 456 1011 515 scin,
1059 454 1185 524 quid
1215 454 1332 506 volo
1359 457 1535 524 potius
1569 457 1638 506 so-

574 522 662 572 des
688 527 726 583 2)
760 523 953 573 facias?
1020 526 1117 573 BA.
1147 523 1284 590 Quid
1303 525 1404 583 vis,
1434 523 1572 581 cedo.
1597 529 1636 586 3)

206 597 309 642 LA.
344 595 440 642 Eas
464 590 539 641 ad
571 589 805 640 mulieres
837 591 941 642 huc
968 593 1129 651 intro,
1166 604 1319 661 atque
1341 592 1496 642 istuc
1481 592 1639 643 iusiu-

569 657 785 708 randum
818 659 952 708 idem

205 727 491 779 Polliceare
518 726 628 775 illis.
695 727 850 794 Exple
881 727 1105 777 animum
1133 725 1247 787 hiis,
1270 727 1313 788 4)
1353 741 1509 795 teque
1537 725 1638 776 hoc

573 795 782 844 crimine
806 795 996 863 expedi.

214 825 313 915 BA.
342 864 562 918 Faciam.
600 863 743 930 quod
767 865 808 924 ⁵)
843 863 932 931 pol
954 861 989 912 fi
1009 863 1124 913 esset
1152 862 1253 914 alia
1282 881 1346 913 ex
1365 861 1467 913 hoc
1487 879 1637 930 quae·

569 931 646 981 stu
669 928 708 993 6)
743 882 880 982 haud
899 932 1086 981 faceret
1117 933 1231 990 scio,

139 1009 194 1053 30
208 1004 277 1050 Ut
290 999 359 1050 de
380 998 470 1049 tali
489 999 635 1049 causa
655 1013 847 1067 nuptae
871 998 1069 1049 mulieri
1091 999 1137 1048 se
1167 997 1462 1048 ostenderet.

209 1068 307 1119 Sed
330 1067 450 1118 nolo
473 1068 565 1116 esse
585 1067 717 1116 fama
739 1066 856 1116 falsa
877 1081 1084 1134 gnatum
1108 1068 1387 1145 suspectum
1401 1080 1552 1115 tuum

206 1140 320 1189 Nec
344 1135 583 1186 leviorem
603 1137 650 1253 73
684 1135 829 1186 vobis
859 1135 1047 1203 quibus
1077 1135 1147 1184 est
1175 1135 1379 1184 minime
1409 1151 1647 1203 aequum.

567 1221 618 1254 vi
656 1205 783 1252 erier

205 1273 457 1322 Inmerito.
527 1272 661 1321 Nam
692 1272 903 1320 meritus
934 1269 996 1320 de
1025 1287 1106 1320 me
1138 1272 1228 1331 est,
1273 1270 1417 1338 quod
1447 1287 1634 1338 queam

568 1337 641 1387 illi
663 1352 723 1388 ut
745 1339 1164 1388 commodem..

209 1414 301 1458 LA.
334 1406 553 1457 Facilem
578 1410 616 1474 8)
667 1406 823 1457 beniv
810 1403 1069 1473 olumque
1099 1405 1276 1474 lingua
1296 1421 1388 1457 tua
1416 1407 1516 1457 iam
1538 1405 1632 1455 tibi

567 1493 647 1524 me
680 1473 913 1525 reddidit.

135 1555 190 1599 35
203 1549 338 1598 Nam
359 1563 463 1594 non
481 1540 618 1602 sunt,
650 1542 782 1592 solae
814 1543 1087 1592 arbitratae
1116 1541 1224 1594 hae.
1288 1548 1391 1610 Ego
1419 1559 1630 1612 quoque

566 1612 715 1660 etiam
747 1610 845 1661 hoc
867 1615 905 1672 *)
942 1610 1143 1661 credidi.

196 1685 362 1735 Nunc
375 1697 490 1730 cum
514 1697 607 1746 ego
627 1691 676 1727 te
697 1679 788 1727 esse
812 1693 1014 1744 praeter
1033 1680 1252 1729 nostram
1273 1680 1565 1745 opinionem
1586 1681 1626 1741 9)

564 1747 789 1813 comperi

261 1862 323 1907 99)
349 1857 542 1907 postquam
594 1860 627 1897 ι)
648 1854 808 1891 iocunda
855 1859 891 1898 2)
908 1859 1200 1904 supersi-rimam
1225 1868 1406 1906 tanquam
1428 1870 1522 1903 pars
1546 1870 1629 1896 cex-

306 1929 366 1953 eus
387 1926 427 1950 ut
475 1919 510 1959 3)
541 1914 601 1949 die
649 1915 691 1959 4)
712 1913 793 1950 satia
813 1912 870 1949 fac
893 1915 1017 1949 animo
1038 1914 1182 1949 illarum
1254 1919 1290 1958 5)
1316 1928 1338 1950 ο
1357 1915 1470 1962 quod.
1515 1917 1627 1960 Ornis:

299 1977 384 2021 sum
405 1975 473 2020 effi
503 1974 659 2009 videtur
685 1975 767 2018 pofi·
789 1985 830 2011 ο,
864 1970 1005 2006 Laches
1033 1986 1136 2020 quem
1167 1973 1390 2021 alloquitur.
1445 1973 1489 2020 6)
1514 1987 1627 2009 mere-

303 2031 400 2066 tricis
450 2034 486 2076 7)
513 2029 596 2064 volo
626 2028 790 2065 viliorem
808 2028 1041 2075 Pamphilum
1090 2030 1132 2075 8)
1157 2028 1276 2063 lenem
1323 2030 1359 2075 ⁴¹)
1383 2032 1474 2068 edic.
1501 2035 1624 2068 omitt,

303 2087 379 2123 hoc
409 2089 564 2132 improb.
592 2088 713 2123 Bentl.
770 2086 813 2134 9)
839 2086 942 2121 aliter
969 2098 1078 2133 quam
1106 2096 1142 2121 te
1169 2087 1402 2134 opinaremur
1429 2087 1468 2122 in
1494 2098 1556 2125 tua
1584 2099 1626 2127 ut

303 2144 502 2194 perseveres
528 2142 775 2191 promiffione.
1415 2153 1420 2164 ·

242 2278 299 2313 25.
327 2269 400 2304 ‘Me
420 2258 660 2315 segregatum
688 2267 872 2316 habuis-72]
948 2257 1120 2305 eruditus
1144 2266 1208 2302 ubi
1246 2279 1278 2301 v.
1305 2267 1436 2303 Graev.
1471 2270 1622 2307 Petram

196 2327 225 2364 i.
260 2340 291 2361 e.
325 2339 382 2360 me
415 2323 625 2372 segregaffe,
677 2338 786 2373 quam
820 2325 873 2360 lo·
949 2338 980 2360 c.
1012 2333 1068 2369 83.
1098 2338 1147 2360 ex
1175 2324 1243 2358 hae
1268 2336 1361 2360 nota
1379 2327 1620 2366 literatorum
1643 2332 1650 2341 “

197 2383 334 2431 quendi
361 2382 556 2424 formulam
582 2382 692 2430 paulo
713 2394 796 2419 ante
816 2395 872 2418 ex·
947 2385 1035 2430 effi.
1061 2396 1154 2427 quos
1171 2383 1286 2428 edesse
1307 2382 1448 2418 divites
1458 2386 1596 2429 solene-

194 2440 407 2488 plicuimun.
992 2447 1050 2481 32.
1082 2438 1284 2483 leviorem]
1331 2440 1432 2476 Ievis
1456 2450 1494 2475 et
1518 2442 1619 2478 levi-

241 2510 299 2543 29.
326 2501 407 2533 alia
429 2512 478 2533 ex
498 2496 561 2532 hoc
579 2498 754 2543 quaestu]
790 2495 813 2532 i.
836 2509 867 2531 e.
945 2509 1005 2533 eas
1035 2496 1206 2532 dicuntur
1235 2495 1281 2530 de
1311 2495 1480 2533 omnibus
1510 2496 1618 2532 vehe-

196 2553 268 2588 alia
301 2567 343 2588 ex
377 2554 519 2588 illarum
556 2566 728 2592 numero.
775 2565 867 2600 quae
943 2552 1129 2589 mentibu·
1158 2564 1193 2589 et
1217 2552 1388 2588 inanibus
1407 2552 1617 2601 cupiditati-

196 2609 376 2658 quaestum
423 2623 572 2657 corpore
615 2610 755 2645 faciunt
798 2609 867 2644 five
943 2609 1021 2651 bus,
1042 2621 1231 2658 propterea
1250 2609 1349 2658 quod
1370 2611 1408 2645 in
1427 2609 1498 2647 illis
1512 2609 1614 2646 nulla

195 2667 267 2701 alia
311 2668 488 2701 meretrix.
530 2668 684 2712 Elegans
728 2667 779 2701 vis
818 2666 867 2701 est
944 2668 1096 2713 gravitas
1116 2680 1147 2705 v,
1167 2668 1302 2704 Ernest.
1325 2667 1363 2702 in
1392 2666 1490 2708 clavo
1509 2665 1615 2702 Cice.

191 2723 466 2771 praepositionis
493 2739 553 2760 ex.
576 2725 654 2760 Cic.
681 2737 746 2770 pro
769 2724 865 2758 Mur.
942 2737 1022 2760 ron.
1045 2724 1114 2760 hnc
1133 2737 1232 2761 voce.

195 2792 225 2815 e.
246 2781 301 2824 36.
315 2783 423 2826 facie
448 2784 575 2820 eodem
594 2783 782 2828 eoefiudc‘o
801 2781 866 2816 vit·
