1708 3106
1013 0 1025 22 ῑ

195 101 295 148 1265
736 86 1069 145 HECYRA.

195 235 364 301 Quam
384 228 519 280 mihi.
554 232 673 281 Heu
693 248 773 281 me
793 230 1050 282 infelicem.
1080 227 1328 281 hanccine
1350 248 1444 298 ego
1461 232 1618 286 vitam
1663 286 1667 287 ⁷

553 298 683 367 parsi
705 302 769 360 95)
803 298 1058 367 pendere?
1077 296 1140 359 96)
1165 295 1255 360 *)
1475 337 1484 346 .

196 369 395 420 Hacine
422 368 571 418 causa
591 372 652 427 97)
690 386 782 435 ego
806 384 941 417 eram
973 379 1117 416 tanto
1148 362 1300 434 cipere
1323 370 1361 431 ⁸¹)
1397 366 1618 435 cupidus

555 435 806 486 redeundi
828 435 1068 485 domum?

195 505 290 554 Cui
312 517 509 571 quanto
522 503 688 554 suerat
704 502 1126 572 praestab1l1us98)
1146 502 1311 556 ubivis
1324 506 1547 571 gentium
1557 509 1620 569 99)

557 591 703 638 ageie
723 586 950 629 aetatem,

155 650 182 692 5
198 643 364 706 Quam
382 640 485 690 huc
503 640 688 698 1edire‚
727 653 883 707 atque
901 639 1029 689 haec
1061 639 1133 688 ita
1164 639 1258 690 esse
1289 610 1518 690 miserum
1538 657 1622 691 me

560 709 847 758 resciscere?

197 778 332 827 Nam
354 793 449 826 nos
471 794 645 825 omnes
674 775 862 844 quibus
898 776 968 826 est
1001 773 1239 826 alicunde
1269 774 1455 844 aliquis
1490 776 1625 827 obie-

563 859 676 893 ctus
710 843 868 903 labos,
897 849 932 905 ¹)

204 915 365 961 Omne
387 911 526 979 quod
549 913 617 961 est
643 926 772 960 1nte1
775 930 834 960 ea
856 925 1056 979 tempus
1089 912 1388 980 priusquam
1405 910 1460 971 id
1485 913 1626 963 resci-

566 994 674 1028 tum
695 981 774 1038 est‚
807 979 951 1029 lucro
972 981 1040 1029 est
1063 983 1102 1038 ²)

204 1049 343 1096 PAR.
375 1052 440 1096 At
470 1045 528 1097 fit
551 1053 590 1107 3)
624 1050 665 1108 *>
711 1049 861 1097 citius
886 1050 926 1106 4)
970 1049 1063 1116 qui
1085 1049 1157 1108 4¹)
1200 1061 1250 1097 te
1281 1045 1519 1114 expedias
1547 1046 1626 1099 his

564 1117 817 1170 aerumnis
847 1117 1083 1182 reperias.

201 1184 254 1233 Si
283 1201 389 1232 non
422 1182 645 1242 redisses,
688 1183 784 1232 hae
815 1186 919 1232 irae
948 1183 1112 1233 sactae
1145 1183 1299 1232 essent
1335 1180 1498 1234 multo
1530 1200 1628 1235 am

564 1250 765 1318 pliores.

136 1341 190 1368 10
203 1318 302 1368 Sed
323 1337 462 1369 nunc
490 1318 762 1369 adventum
794 1333 940 1370 tuum
972 1319 1149 1373 ambas
1174 1323 1213 1382 5)
1245 1316 1520 1386 Pamphile
1534 1319 1633 1371 scio

522 1444 524 1446 v
564 1388 883 1437 reverituras.
1433 1425 1438 1430 .
1531 1420 1533 1422 .
1686 1438 1692 1443 .

203 1457 326 1506 Rem
349 1456 640 1522 cognosces,
673 1456 800 1504 iram
823 1454 1086 1522 expedies,
1127 1454 1357 1506 rursum
1343 1472 1397 1503 m
1414 1456 1634 1549 gratiam

569 1525 810 1573 restitues.
835 1523 877 1585 6)

206 1592 359 1642 Levia
383 1591 508 1649 sunt,
527 1592 562 1652 *)
595 1609 728 1657 quae
751 1605 804 1639 tu
831 1593 1094 1658 pergravia
1117 1591 1244 1641 esse
1231 1610 1285 1640 m
1316 1591 1544 1640 animum·
1561 1592 1632 1640 in-

572 1657 716 1709 duxti
742 1672 901 1708 tuum.

266 1775 332 1820 95)
353 1774 529 1821 perperci.
552 1786 661 1821 pareo
684 1774 772 1810 facit
792 1775 882 1822 parsi
902 1785 937 1810 et
955 1775 1102 1822 peperci
1142 1775 1208 1820 96)
1227 1775 1282 1809 vel
1304 1774 1454 1822 perdere
1481 1775 1521 1821 *)
1539 1777 1633 1813 edit.

313 1843 349 1866 ec
383 1832 502 1866 Bentl.
533 1831 684 1879 perdere
737 1835 797 1876 97)
826 1830 994 1878 nunquid
1056 1832 1092 1877 *)
1121 1834 1199 1868 edic
1225 1843 1262 1867 ec
1291 1834 1412 1867 Bentl.
1443 1843 1633 1880 tantopere

312 1887 379 1933 98)
401 1887 528 1922 melius
575 1889 641 1934 99)
661 1887 758 1935 apud
779 1887 958 1934 quaslibet
977 1898 1099 1933 gentes
1152 1891 1184 1929 ι)
1211 1901 1277 1935 pro
1308 1887 1413 1923 labor
1459 1887 1501 1933 2)
1525 1902 1635 1924 omne

319 1943 419 1989 quod
450 1944 594 1980 interest
618 1956 782 1992 ternpus,
824 1944 917 1979 inter
947 1944 1084 1979 malum
1114 1955 1293 1991 patratum
1320 1955 1358 1980 et
1386 1946 1636 1991 coguitionem

316 2000 415 2036 illius
438 2014 504 2048 pro
522 2001 623 2036 lucro
645 2001 800 2036 habetur
847 2003 888 2047 3)
914 2002 1153 2038 conceffivum
1186 2002 1236 2038 est
1282 2003 1311 2044 ⁸)
1340 2003 1432 2038 edic.
1452 2015 1490 2039 ec
1513 2003 1635 2040 Bentl.

316 2056 366 2093 fic
421 2060 458 2101 4)
492 2057 563 2093 cito
630 2058 706 2104 4¹)
742 2057 929 2104 quomodo
994 2061 1037 2105 5)
1071 2058 1274 2094 Baehidem
1310 2069 1346 2095 et
1378 2058 1635 2098 Philumenam

316 2115 360 2161 6)
385 2127 534 2150 uxorem
554 2125 656 2151 tuam
700 2115 738 2164 ⁴¹)
761 2117 851 2151 edit.
872 2118 963 2152 add.
982 2115 1074 2152 haee
1100 2116 1333 2163 improbante
1359 2116 1480 2155 Bentl.

256 2251 292 2275 2.
316 2241 438 2276 vitam
461 2239 566 2283 par-fi
581 2239 759 2286 per-dere]
808 2239 833 2274 i.
854 2253 886 2275 e.
963 2241 1033 2277 mis
1067 2239 1271 2289 quibusque
1308 2239 1557 2288 scriptoribus
1580 2242 1637 2277 vel

217 2295 372 2330 abstinui
414 2295 522 2330 vitam
568 2296 730 2343 perdere.
775 2296 884 2332 Ovid.
964 2298 1087 2334 invitis
1101 2297 1311 2333 exciderunt
1329 2297 1383 2332 vel
1398 2295 1518 2332 studio
1530 2310 1639 2345 quae-

214 2352 322 2387 Trist·
343 2353 403 2387 111-
426 2360 458 2394 3-
479 2362 535 2395 51.
557 2367 670 2399 parce
687 2366 810 2398 tamen
827 2357 886 2391 la·
963 2355 1027 2391 fita
1053 2353 1135 2390 sunt
1161 2365 1201 2390 ut
1230 2354 1343 2390 oratio
1361 2365 1498 2400 gratam
1524 2355 1639 2401 negli-

214 2423 342 2446 cerare
358 2423 490 2456 genas·
605 2419 618 2423 “
963 2412 1125 2459 gentiam
1151 2412 1313 2447 haberet.
1346 2454 1347 2458 Ἰ
1373 2410 1492 2446 Multa
1521 2425 1641 2447 exem-

260 2467 295 2501 6.
332 2462 430 2501 Nt'zm
453 2481 521 2502 nos
547 2468 696 2513 omnes]
758 2478 889 2503 notan·
963 2470 1027 2517 pla
1062 2468 1309 2517 eougess'erunt
1343 2469 1507 2504 Muretus
1535 2468 1638 2517 epist.

216 2520 301 2556 dum
342 2521 393 2557 est
430 2519 681 2561 οἶνακολουθον
710 2536 782 2572 quo
818 2524 889 2570 pri-
947 2528 1130 2574 =XXXIII.
1152 2525 1273 2562 Davis.
1297 2525 1343 2560 ad
1364 2524 1506 2561 Caesar.
1531 2525 1576 2561 de
1593 2527 1638 2564 B.

215 2589 316 2611 mum
357 2580 575 2615 nominandi
620 2579 717 2615 casus
752 2578 888 2626 pofitus
966 2584 1010 2618 C.
1034 2585 1062 2618 Ι.
1079 2589 1137 2628 41.
1159 2594 1194 2618 et
1215 2583 1317 2620 Cort.
1343 2582 1390 2619 ad
1405 2582 1565 2623 Sallustii
1580 2585 1639 2621 Iu·

217 2634 284 2675 est,
311 2648 396 2670 mox
415 2638 581 2677 verbum,
609 2637 708 2685 quod
727 2637 889 2672 dativum
965 2641 1084 2687 gurth.
1111 2653 1142 2678 c.
1164 2648 1220 2684 3⁰·

215 2691 392 2738 postulat,
420 2693 633 2732 subiectum.
670 2695 778 2731 Talia
797 2695 891 2744 opti-
