1708 3106
854 86 886 118 a

227 200 323 263 h4
765 201 1102 262 HECYRA.

216 341 303 387 Tu
333 335 435 387 sola
463 351 683 393 exorere,
703 338 764 397 33)
813 352 947 401 quae
978 334 1243 403 perturbes
1281 334 1408 386 haec
1441 336 1505 398 54)
1552 332 1643 386 tua
1680 343 1695 359 ’·

573 403 919 470 hnpudenda?

221 472 314 522 SO.
345 475 549 540 Egone?
619 476 710 520 LA.
740 475 827 520 Tu
879 473 1091 538 inquam
1132 469 1336 530 mulier,
1387 490 1522 538 quae
1559 486 1642 521 me

580 541 787 588 omnino
811 538 1026 607 lapidem
1058 557 1161 588 non
1187 539 1443 589 hominem
1468 533 1642 607 putas.

218 615 298 658 An
323 610 442 676 quia
464 610 571 658 ruri
591 609 684 656 esse
707 607 887 657 crebro
910 607 1063 666 soleo,
1106 608 1291 658 nescire
1311 612 1400 670 34²)
1432 608 1639 657 arbitra-

577 694 712 733 mini,

220 749 336 811 Quo
363 745 586 812 quisque
608 757 758 808 pacto
777 742 858 792 hie
871 746 931 804 3⁵)
966 743 1122 791 vitam
1143 744 1418 793 vestrorum
1443 743 1640 808 exigat?

147 836 202 863 20
218 813 386 863 Multo
408 812 587 861 melius
610 812 690 860 hic
710 811 770 872 30)
805 829 936 877 quae
954 809 1096 870 fiunt,
1125 829 1281 879 quam
1302 811 1404 862 illic
1426 811 1514 860 ubi
1533 812 1640 860 sum

579 877 763 928 assidue
785 880 897 928 scio.

217 947 348 1008 Ideo,
373 949 437 1010 37)
473 949 598 1016 quia
618 962 674 996 ut
696 965 787 996 vos
808 946 931 995 mihi
955 945 1092 995 domi
1112 947 1252 998 eritis
1266 985 1278 1006 ,
1310 946 1524 1014 proinde
1545 963 1638 1013 ego

576 1034 662 1064 ero
686 1019 728 1058 37
739 1020 773 1076 ⁹)
804 1014 936 1063 fama
957 1015 1111 1064 foris?
1132 1017 1198 1075 58)
1325 1016 1329 1033 ¹

215 1087 320 1134 Iam
341 1082 537 1151 pridem
557 1084 795 1150 equidem
819 1082 990 1135 audivi
1011 1083 1190 1150 cepisse
1217 1081 1392 1133 odium
1423 1083 1500 1132 tui
1528 1080 1640 1132 Phi-

576 1151 847 1209 hnuenanu

219 1221 536 1288 Minimeque
558 1219 684 1268 adeo
710 1220 906 1277 mirum,
929 1232 981 1267 et
1000 1218 1052 1267 ni
1072 1216 1136 1282 39)
1170 1217 1222 1268 id
1243 1218 1428 1268 fecisset
1445 1219 1509 1280 4⁰)
1540 1235 1640 1268 ma-

575 1288 649 1352 gis
671 1288 853 1335 mirum
882 1287 1023 1336 soret.

216 1354 316 1404 Sed
339 1373 444 1405 non
468 1354 656 1405 credidi
675 1355 802 1403 adeo
833 1368 892 1403 ut
918 1356 1069 1404 etiam
1100 1367 1261 1405 totam
1297 1353 1436 1406 hanc·
1460 1353 1637 1405 odisset

578 1422 797 1471 domum.

143 1501 197 1543 25
213 1489 365 1559 Quod
387 1489 423 1539 fi
438 1491 635 1549 scissem,
668 1489 754 1539 illa
776 1490 859 1540 hic
879 1505 1105 1541 maneret
1123 1491 1324 1559 potius,
1365 1502 1426 1540 tu
1443 1487 1563 1540 hinc
1582 1489 1637 1538 is·
1686 1530 1689 1532 .

574 1560 646 1607 ses
669 1558 818 1616 foras,
1109 1604 1113 1606 ,
1604 1612 1611 1614 ⁷

214 1631 279 1676 At
299 1625 414 1678 vide
441 1644 595 1694 quam
616 1627 864 1674 immerito
887 1624 1150 1691 aegritudo
1171 1625 1298 1677 haec
1319 1627 1484 1681 oritur
1511 1622 1638 1676 mibi

572 1693 663 1742 abs
686 1707 735 1741 te
754 1694 972 1741 Sostrata
995 1695 1056 1751 4¹)

210 1762 316 1810 Rus
349 1759 632 1809 habitatum
668 1760 770 1808 abii
802 1760 1087 1810 concedens
1116 1760 1263 1811 vobis
1289 1762 1353 1822 4²)
1396 1773 1450 1810 et
1474 1762 1548 1810 rei
1567 1763 1632 1823 43)

571 1828 800 1885 serviens,

212 1898 453 1961 Sumptus
475 1895 676 1953 vestros,
699 1897 978 1962 otiumque,
999 1907 1058 1943 ut
1073 1895 1216 1944 nosta
1235 1912 1316 1945 res
1334 1895 1633 1962 possegpati,

273 2025 332 2064 53)
352 2018 504 2054 anobis.
526 2019 573 2055 al.
593 2021 748 2056 exoretis
767 2024 879 2057 lectio
897 2020 979 2056 cod.
1001 2033 1149 2058 mutata
1165 2023 1207 2057 in
1225 2020 1415 2057 exhorrere
1449 2026 1508 2067 34)
1529 2022 1634 2059 istam

319 2075 517 2112 amicitiam
556 2087 592 2112 et
612 2077 714 2113 istam
744 2075 959 2112 affinitatem
1015 2084 1059 2121 34
1070 2082 1111 2122 a)
1143 2091 1202 2112 me
1253 2078 1319 2124 35)
1342 2079 1381 2113 in
1419 2078 1490 2114 hac
1519 2079 1632 2115 domo

314 2134 429 2179 36)in
455 2133 527 2167 hac
548 2133 659 2170 domo
689 2136 754 2181 37)
778 2134 824 2169 de
840 2133 940 2168 vobis
961 2146 1081 2168 curam
1099 2133 1216 2168 habeo
1243 2142 1286 2180 37
1298 2138 1333 2175 a)
1352 2135 1444 2170 mih-i
1470 2137 1535 2181 33)
1553 2136 1630 2179 vel;

312 2191 444 2235 etfine
459 2190 576 2237 signo
594 2195 819 2238 interrogat.
837 2193 878 2227 in
895 2192 990 2227 edic.
1038 2195 1098 2237 39)
1117 2191 1185 2226 nifi
1207 2195 1266 2235 4ο)
1285 2191 1410 2226 odium
1430 2203 1534 2228 tuum
1554 2207 1631 2240 per-

313 2246 448 2282 tuliffet
471 2247 537 2294 41)
564 2262 586 2283 ο
605 2248 763 2284 Sostrat:
788 2249 854 2293 42)
870 2249 1081 2296 permittens
1102 2247 1207 2282 vobis
1224 2248 1437 2294 potestatem
1456 2249 1494 2283 in
1516 2250 1629 2286 domo

309 2315 392 2338 mea
414 2305 481 2341 tibi
501 2317 536 2342 et
553 2305 793 2342 Philumenae
838 2311 898 2352 43)
923 2304 1140 2341 substantiae
1157 2304 1300 2340 nostrae
1319 2307 1606 2354 congregandae.

258 2451 312 2486 16.
342 2455 519 2494 exorere]
567 2452 592 2487 i.
614 2466 644 2488 e.
664 2453 803 2494 existis,
830 2467 883 2489 re·
957 2454 984 2489 i.
1013 2466 1044 2488 e.
1074 2452 1195 2488 locum
1222 2451 1318 2487 dare.
1339 2452 1455 2490 plaut.
1483 2455 1520 2490 in
1548 2457 1632 2491 Am-

207 2506 347 2553 peritie.
378 2508 547 2553 Inprimis
567 2509 641 2544 hoc
660 2505 807 2546 verbfim
828 2511 881 2546 di·
957 2510 1069 2558 phitr.
1097 2511 1125 2544 1.
1149 2522 1179 2543 ι.
1214 2520 1290 2555 1¹9.
1315 2525 1428 2559 neque
1445 2526 1524 2548 nox
1545 2528 1633 2561 quo-

206 2563 300 2598 citur
322 2563 367 2596 de
387 2563 481 2603 illis,
511 2565 573 2612 qui
594 2578 734 2613 praeter
759 2567 880 2615 exspe-
957 2581 1070 2614 quam
1097 2568 1264 2603 concedit
1288 2568 1360 2604 die.
1391 2581 1423 2603 v.
1442 2569 1630 2607 Drnkeub.

206 2618 404 2654 ctatio'nem
421 2621 589 2660 existunt.
620 2637 649 2658 v.
670 2625 806 2660 Donat.
831 2625 878 2659 ad
957 2624 1004 2659 ad
1038 2623 1115 2658 Liv.
1147 2624 1193 2658 Π.
1225 2631 1283 2668 47.
1314 2627 1546 2662 concedendo
1568 2628 1634 2663 ills·

203 2675 242 2715 ἰ),
263 2675 288 2710 l.
944 2686 1036 2728 sitas
1056 2682 1202 2717 laudes.

249 2743 306 2776 ²7-
332 2734 533 2769 concedens
559 2735 692 2780 vohis]
750 2749 875 2773 conce·
1000 2747 1056 2780 23.
1092 2751 1133 2775 ιιι
1157 2742 1284 2785 nostra
1304 2754 1363 2775 res
1381 2742 1495 2786 poffit
1513 2741 1628 2782 paci]

201 2789 285 2825 dere
308 2789 455 2836 ponitur
486 2802 550 2835 pro
572 2789 726 2838 simplici
750 2795 876 2831 cedere
952 2795 977 2830 i.
1000 2808 1032 2831 e.
1055 2806 1096 2832 ut
1113 2794 1273 2831 sufficere
1294 2794 1432 2843 possem
1451 2794 1626 2831 sumtibus
