1664 3100
142 135 219 188 24·
604 156 606 158 ·
678 132 1024 181 ADELPHI.

99 263 243 332 5Ego
264 265 569 334 vapulandO‚
599 266 680 317 ille
703 265 1032 325 verberand0‚
1064 248 1232 333 usque
1251 266 1377 350 *)80)
1410 264 1560 317 ambo

501 333 663 384 defessi
694 337 882 384 sumus.

143 403 272 452 SYR.
305 407 422 453 Tua
444 404 607 469 culpa.
658 406 798 454 SAN.
833 401 966 469 Quid
989 401 1220 466 agerem?
1269 399 1399 451 SYR.
1433 401 1562 452 Ado-

498 470 700 521 lescenti
720 487 910 519 morem
944 470 1133 536 gestum
1156 467 1221 530 8¹)
1257 471 1494 535 oportuit.
1612 536 1621 539 ⁷⁷

142 538 280 589 SAN.
313 539 413 606 Qui
437 544 497 603 82)
533 540 681 606 potui
700 537 880 587 melius
902 543 984 595 83)
997 537 1087 604 qui
1118 536 1269 586 hodie
1298 555 1468 604 usque
1501 555 1561 588 os

483 546 744 674 )])[·ᾶθί)ι]ἰῗ
768 609 828 668 84)
896 608 982 656 SY.
1015 613 1129 670 Age.
1150 606 1242 655 scis
1266 622 1400 671 quae
1421 609 1460 668 ⁸)
1492 604 1562 655 lo-

541 678 666 724 uar?

138 742 410 794 Pecuniam
435 695 829 804 8⁵)qinte13dum*
810 740 847 802 ⁴¹)
893 738 1152 806 neglegere
1178 737 1240 801 86)
1289 742 1565 790 maxim'um

503 810 754 860 interdum
778 807 1078 859 estlucrurn.
1137 809 1276 859 SAN.
1297 809 1335 868 *)
1375 810 1496 858 Hui.

142 878 272 927 SYR.
309 881 531 930 Metuisti
551 877 584 928 si
608 896 746 928 nunc
773 878 834 926 de
856 890 946 926 tuo
970 877 1080 925 iure
1105 874 1410 928 concessisses
1440 894 1563 947 pau-

500 946 675 1005 lulum,
702 960 858 1014 atque

71 1018 122 1059 ιο
139 1011 455 1064 Adulescenti
478 1017 594 1065 esses
616 1016 947 1080 morigeratus
973 1011 1236 1063 hominum
1267 1012 1421 1063 homo
1453 1011 1564 1063 stul-

501 1081 695 1145 tisfime,

139 1150 221 1201 Ne
238 1168 343 1199 non
364 1150 457 1204 tibi
477 1150 602 1200 istuc
624 1148 938 1199 Foeneraret?
953 1151 1014 1209 87)
1052 1151 1200 1199 SAN.
1219 1148 1325 1216 Ego
1347 1150 1481 1217 spem
1499 1154 1562 1213 88)

486 1220 663 1287 pretio
695 1236 798 1266 non
827 1235 950 1265 emo.

138 1285 224 1334 SY.
261 1288 542 1353 Nunquam
582 1304 686 1335 lem
719 1285 885 1334 facies.
917 1282 982 1338 89)
1059 1283 1154 1338 Abi
1187 1284 1343 1333 nescis
1380 1285 1564 1336 inesca-

499 1372 552 1404 re
570 1359 631 1415 90)
667 1353 897 1402 homines
919 1353 1109 1407 Sannio
1130 1357 1195 1411 9¹)

133 1420 274 1471 SAN.
312 1422 473 1472 Credo
492 1423 616 1471 istuc
636 1421 815 1470 melius
839 1421 942 1470 esse.
961 1426 1023 1482 9²)
1099 1424 1287 1470 Verum
1319 1437 1413 1487 ego
1435 1438 1563 1472 nuu-

500 1508 655 1558 quam
675 1489 802 1539 adeo
824 1489 1018 1538 astutus
1048 1489 1122 1540 fui

197 1621 228 1663 ⁴²)
254 1623 344 1658 edit.
368 1623 523 1668 disting.
543 1626 625 1669 post
645 1634 760 1669 usque
778 1622 934 1667 impr-ob.
956 1621 1078 1657 Bencl.
1125 1621 1190 1667 80)
1212 1619 1368 1656 multum
1414 1622 1481 1668 8¹)
1503 1630 1563 1668 ge²

242 1691 320 1713 rere
339 1690 373 1712 et
396 1677 599 1713 consentire
647 1682 706 1720 82)
734 1677 918 1726 quomodo
965 1682 1024 1718 83)
1051 1676 1259 1721 morigerari
1279 1677 1336 1711 illi
1383 1679 1448 1723 84)
1473 1678 1563 1715 adu-

242 1733 420 1769 lationem
467 1735 504 1781 *)
529 1736 622 1771 edic.
645 1734 734 1781 quid
782 1735 846 1779 85)
871 1732 1015 1767 homini
1038 1733 1180 1779 potenti
1226 1734 1262 1779 ⁸)
1285 1736 1378 1770 edic.
1408 1735 1448 1770 in
1474 1735 1560 1772 loco

240 1793 345 1836 prob.
380 1794 500 1827 Bentl.
524 1795 582 1827 uti
606 1805 630 1825 a
656 1795 854 1838 posteriori
883 1804 995 1827 manu
1025 1794 1066 1826 in
1093 1792 1179 1825 Ms.
1234 1791 1299 1835 86)
1324 1791 1562 1830 intermittere

242 1846 272 1887 ⁴)
296 1848 388 1883 edic.
415 1849 549 1883 tribuit
570 1847 636 1883 hoc
662 1860 697 1884 ec
718 1852 915 1896 fiquencia
936 1861 1010 1885 unu
1032 1860 1112 1883 cum
1135 1849 1436 1885 antecedentibus
1459 1848 1560 1900 Sjiro

243 1905 345 1950 prob.
373 1906 492 1940 Bentl.
548 1904 612 1949 87)
646 1904 863 1939 beneficium
883 1905 1172 1951 recompensaret
1227 1906 1294 1951 88)
1326 1907 1560 1956 recipiendae

241 1959 420 1995 mercedis
468 1962 528 2004 89)
556 1959 659 1996 istam
681 1975 789 2010 quam
810 1961 902 1998 dicis
957 1962 1026 2009 9ο)
1053 1961 1232 2000 attrahere
1285 1963 1352 2012 9¹)
1380 1976 1402 1999 ο
1421 1965 1560 2003 Sannio

241 2020 305 2064 92)
341 2015 440 2063 quod
467 2016 572 2052 dicit.

138 2164 242 2200 pares
270 2152 398 2198 (forte
425 2156 622 2202 legendum
660 2155 698 2189 in
738 2168 809 2201 qua
885 2167 947 2192 aut
973 2155 1008 2192 se
1041 2155 1272 2192 contumeliis
1304 2155 1432 2205 sponte
1449 2172 1558 2207 expo·

139 2220 278 2244 certant
298 2211 448 2244 minime
469 2212 607 2258 pares.)
645 2213 809 2260 Proprie·
883 2214 940 2249 nit
960 2214 1038 2249 Cic.
1059 2214 1104 2249 ad
1120 2214 1225 2250 Attic.
1245 2215 1275 2250 1.
1291 2224 1343 2258 18.
1362 2230 1475 2265 quam
1497 2218 1558 2254 di-

138 2276 247 2301 tatem
270 2266 367 2301 verbi
388 2281 604 2313 comparare
621 2267 725 2315 supra
752 2282 809 2303 ex·
883 2286 983 2319 gnus
1013 2274 1078 2314 qui
1103 2274 1300 2312 Pelimno.
1316 2273 1421 2318 ficut
1437 2276 1557 2319 faeie,

137 2322 347 2369 plicuimus.
883 2343 926 2364 os
944 2329 995 2363 ad
1015 2331 1112 2365 male
1138 2330 1367 2366 audiendum
1388 2332 1557 2378 quotidie
1627 2346 1629 2349 ⁴

183 2388 217 2422 5.
245 2380 538 2427 deseffisumus]
585 2381 806 2418 scholiastes
881 2386 1069 2430 praebeat.
1117 2386 1194 2420 Liv.
1229 2387 1391 2432 1V,.35.
1429 2386 1557 2424 addit·

136 2436 260 2472 Iuven,
279 2436 352 2473 Sat.
370 2438 431 2471 111.
454 2447 527 2482 189.
555 2439 641 2483 legit
670 2441 808 2483 defecti
882 2442 972 2476 Tac.
994 2440 1127 2476 Histor-
1147 2443 1210 2477 111.
1231 2450 1288 2485 32.

132 2496 258 2538 sumus
287 2491 385 2527 sensu
406 2494 553 2533 eodem,
588 2495 684 2540 quod
707 2508 806 2542 prae-
931 2510 984 2533 ιι.
1012 2500 1068 2533 Ne
1083 2513 1159 2534 non
1185 2500 1257 2534 eibi
1273 2499 1555 2544 istut-'foenera-

137 2547 207 2583 fert
231 2548 355 2583 Heini.
379 2549 425 2583 ad
446 2550 553 2584 Ovid.
582 2551 713 2586 Fastor.
741 2553 804 2589 ΠΙ.
880 2555 974 2599 rec]
1012 2554 1037 2589 i.
1066 2566 1096 2588 e.
1129 2565 1168 2589 ut
1197 2553 1266 2588 tibi
1294 2566 1375 2588 cum
1403 2554 1555 2593 foenore

137 2605 217 2650 674.
882 2609 1092 2645 redderetur
1121 2620 1158 2645 et
1184 2610 1488 2658 multiplicaretur
1513 2613 1556 2650 in

184 2673 217 2705 7.
260 2674 302 2697 os
331 2660 506 2706 praebui]
564 2675 604 2698 οε
633 2666 807 2709 praebere
882 2666 1116 2709 Ph.111.2.g.
1142 2679 1174 2701 v.
1194 2667 1335 2703 Donat.
1349 2667 1397 2703 ad
1417 2668 1455 2704 h.
1478 2669 1505 2704 l.
1517 2680 1555 2706 et

141 2715 292 2756 dicitur,
328 2717 390 2764 qui
416 2715 451 2752 se
476 2718 649 2755 verberari
673 2722 807 2768 patitur
885 2723 1090 2769 Schulting.
1104 2723 1151 2758 ad
1169 2724 1255 2760 Seu.
1274 2725 1405 2763 Suara:
1421 2727 1553 2774 m.57.
