1708 3106
699 667 1185 759 PROLOGUS.

162 838 168 843 ‘
224 829 496 896 Postquam
516 831 673 880 Poeta
700 845 848 881 vetus
875 833 937 892 ¹¹)
969 845 1172 900 poetam
1197 833 1254 893 ¹²)
1290 849 1396 882 non
1418 833 1581 900 potest

223 897 494 948 Retrahere
538 915 570 947 a
616 898 780 949 studio
833 904 891 963 ι3)
954 916 1006 951 et
1056 900 1254 951 tradere
1296 899 1551 951 hominem
1590 901 1648 951 in

582 967 758 1026 otium,
781 970 841 1028 ¹4)
1054 988 1057 990 ·
1388 974 1394 986 '

219 1033 503 1087 Maledictis
524 1033 771 1085 deterrere
792 1054 857 1085 ne
877 1036 1060 1087 scribat
1082 1050 1245 1103 parat.
1269 1037 1329 1095 ¹5)

217 1104 321 1170 Qui
345 1099 406 1166 ¹6)
441 1103 514 1169 ita
547 1102 758 1162 dictitat,
784 1109 842 1166 ¹7)
887 1122 1019 1173 quas
1052 1117 1170 1154 ante
1202 1103 1299 1154 hac
1333 1104 1396 1164 ¹8)
1434 1102 1553 1155 fecit
1581 1103 1642 1165 Ῐ9)

576 1170 774 1221 fabulas

172 1249 200 1291 5
214 1239 386 1289 Tenui
410 1238 501 1288 esse
522 1240 753 1288 oratione
778 1251 828 1288 et
851 1239 1097 1307 scriptura
1116 1238 1228 1297 levi,
1246 1242 1308 1300 ²⁰)

217 1309 352 1374 Quia
371 1324 626 1372 nusquam
649 1308 876 1356 insanum
895 1307 1057 1375 scipfit
1076 1302 1521 1366 adolescentulum,
1540 1301 1607 1368 ²¹)

215 1380 422 1425 Cervam
442 1374 611 1424 videre
633 1375 803 1442 fugere
822 1378 886 1436 22)
922 1390 973 1425 et
992 1377 1166 1426 sectari
1187 1392 1356 1434 canes,

209 1448 270 1492 Et
288 1461 396 1493 eam
420 1448 480 1505 23)
509 1442 733 1509 plorare,
770 1461 916 1493 orare
934 1447 997 1504 ²4)
1033 1457 1092 1493 ut
1112 1442 1376 1493 subveniat
1401 1440 1502 1491 fibi.

211 1511 366 1579 Quod
390 1509 427 1559 fi
451 1510 765 1579 intelligeret,
787 1516 849 1574 ²5)
883 1531 1000 1562 cum
1030 1512 1164 1562 stetit
1188 1509 1321 1572 olim,
1338 1507 1403 1570 ²⁶)
1437 1526 1575 1560 nova
1596 1509 1637 1572 *)

274 1647 335 1693 11)
359 1643 560 1680 maledicus
620 1645 682 1691 12)
705 1644 921 1681 Terentium
979 1645 1042 1692 13)
1067 1643 1315 1693 componendi
1368 1647 1425 1689 14)
1448 1652 1491 1679 ut
1507 1641 1636 1678 relicto

309 1703 432 1741 fludio
455 1702 656 1737 carminum
674 1701 811 1738 otiosus
833 1712 980 1738 maneat
1019 1705 1079 1748 15)
1097 1701 1299 1738 maledicus
1326 1711 1436 1750 poeta
1473 1698 1535 1745 16)
1551 1709 1637 1746 poe-

309 1771 348 1796 ta
357 1770 457 1796 vetus
497 1760 559 1804 17)
578 1758 783 1807 frequenter
799 1757 1055 1807 reprehendit;
1073 1759 1242 1805 yronicon
1260 1757 1424 1805 loquitur
1471 1756 1533 1803 18)
1549 1754 1635 1790 hac-

232 1842 240 1846 ·
308 1828 415 1853 tonus
476 1817 537 1862 19)
562 1828 675 1851 novus
699 1826 806 1864 poeta
863 1819 925 1857 20)
952 1815 1221 1863 contemptibili
1277 1815 1345 1861 21)
1367 1813 1461 1849 haec
1487 1813 1635 1862 inquo-

307 1873 464 1909 tundam
516 1872 651 1907 fabulis
703 1872 938 1908 continentur
1005 1872 1072 1918 22)
1109 1864 1312 1918 fugientem
1387 1871 1453 1917 23)
1492 1882 1634 1905 cervam

306 1932 372 1976 ²4)
392 1928 654 1977 persecutorem
691 1934 750 1973 25)
775 1929 977 1965 maledicus
996 1925 1105 1978 poeta
1128 1928 1316 1976 quomodo
1336 1928 1374 1963 in
1397 1926 1537 1975 populo
1556 1925 1632 1974 ipse

306 1987 457 2023 celebria
487 2000 562 2022 uon
585 1998 732 2036 propter
756 1987 811 2028 se.
851 1987 914 2024 [ed
933 1997 1078 2034 propter
1098 1985 1199 2021 [uum
1218 1985 1445 2022 recitatorem
1472 1984 1631 2021 extiterit

303 2047 369 2092 26)
396 2043 471 2093 ipse
498 2044 642 2081 invidus
691 2046 729 2093 *)
749 2047 843 2083 edic.
872 2047 1025 2091 discing.
1053 2043 1135 2090 post
1152 2054 1259 2078 nova.

245 2216 278 2239 2.
301 2202 518 2240 Retrahere'
537 2216 563 2237 a
578 2204 736 2247 studio]
784 2202 824 2238 h.
844 2217 878 2240 e.
953 2203 1106 2242 ducere,
1131 2212 1198 2247 pro
1216 2200 1429 2237 traducere,
1452 2209 1628 2236 tran-ma-

197 2273 376 2299 revocare,
400 2260 484 2296 Cic.
515 2273 582 2307 pro
601 2262 725 2297 Sextio
754 2274 786 2296 c.
820 2270 875 2304 15.
950 2275 992 2298 re
1015 2272 1080 2307 pro
1107 2269 1279 2297 tranat-e,
1316 2258 1536 2292 transiit-ere
1558 2268 1626 2303 pro

197 2331 278 2354 cum
316 2320 391 2354 duo
426 2321 592 2364 consules
624 2332 648 2354 a
683 2320 877 2365 republica
951 2319 1136 2354 traiicere.
1155 2326 1187 2348 ν.
1210 2314 1288 2349 Riv.
1310 2312 1356 2347 ad
1375 2311 1413 2349 h.
1431 2312 1455 2350 l.
1474 2322 1509 2348 et
1519 2312 1624 2348 Cort-

195 2378 476 2419 prouinciarum
504 2377 666 2420 foedere
693 2380 876 2423 retr-axes-
952 2374 1000 2410 ad
1020 2371 1163 2408 Sallust.
1183 2373 1262 2417 lug.
1280 2382 1311 2405 ca
1333 2381 1387 2405 11.

187 2436 259 2479 set.
279 2444 311 2465 v.
335 2431 469 2468 Graev.
494 2431 541 2467 ad
570 2443 706 2468 auctor.
736 2433 783 2467 ad
803 2433 876 2468 He·
997 2443 1031 2477 7.
1068 2430 1223 2470 videre]
1282 2427 1320 2464 h.
1346 2439 1376 2462 e.
1406 2435 1533 2474 putare
1559 2435 1625 2473 pet

194 2501 298 2523 tenu.
316 2489 379 2522 111.
403 2501 438 2532 7-
950 2487 1129 2524 insaniam
1170 2484 1205 2520 se
1244 2481 1378 2521 videro.
1408 2482 1536 2518 ‹Plaun
1579 2482 1623 2518 iu

236 2544 438 2580 transdere
468 2544 649 2582 hominem
668 2547 709 2582 in
725 2546 867 2591 otium]
944 2545 1073 2581 Sticho
1099 2544 1147 2579 11.
1175 2554 1212 2578 2.
1241 2551 1297 2585 50.
1327 2554 1422 2590 quas
1448 2552 1490 2577 tu
1509 2541 1621 2576 vides

188 2601 228 2639 h.
257 2614 289 2636 e.
322 2600 464 2635 efficere
492 2613 531 2637 ut
558 2601 593 2637 se
621 2603 741 2639 tradat
776 2606 866 2645 otio,
944 2603 1129 2639 colubras.
1163 2599 1293 2646 Virgil.
1327 2602 1415 2633 Aen.
1445 2597 1510 2632 IV.
1535 2597 1623 2642 469⁴

186 2658 308 2694 studio
348 2658 552 2693 fabularum
579 2659 863 2696 scribendarum.
946 2660 1185 2697 Eumenidum
1202 2659 1325 2694 veluti
1348 2657 1495 2692 demens
1510 2654 1619 2689 videt

193 2716 404 2751 'transdere
439 2726 477 2749 ut
508 2717 694 2751 sonantius
729 2728 863 2753 veteres
941 2721 1095 2765 agmina
1125 2716 1306 2752 Ratheus.
1373 2712 1434 2746 Sic
1461 2709 1620 2755 Longius

187 2771 358 2808 dicebant
379 2785 445 2820 pro
466 2776 631 2812 tradere.
655 2774 716 2809 sic
737 2786 862 2811 trans-
940 2772 986 2808 de
1004 2771 1178 2807 sublimit.
1200 2782 1231 2805 c.
1256 2777 1311 2814 15.
1330 2760 1422 2804 εἶδεν
1443 2765 1618 2820 ἐςιννυας.
